1690 2611
669 555 988 604 PRAEFATIO.

275 665 448 697 Librorum
482 676 580 696 manu
611 665 821 706 scriptorum,
855 665 970 706 quibus
996 663 1144 696 Serviani
1178 664 1232 705 qui
1261 663 1406 695 ferimtur
1437 665 1470 695 in

186 717 326 760 Vergilii
360 719 503 750 carmina
536 718 760 749 commentarii
793 729 880 750 nono
915 719 947 749 et
981 717 1103 748 decimo
1138 718 1266 749 saeculo
1295 719 1469 759 propagati

186 774 275 812 sunt,
298 771 417 813 duplex
441 774 491 803 est
515 782 626 813 genus.
657 771 788 803 alterius
813 771 940 813 generis
966 771 1071 811 libris,
1096 781 1233 812 quorum
1257 782 1394 813 magnus
1420 774 1468 803 est

184 836 352 866 numerus,
382 837 419 857 ea
447 825 652 857 continentur
681 836 761 866 quae
790 825 825 855 in
853 825 914 856 hoc
947 824 1123 865 exemplari
1146 824 1244 855 rectis
1267 824 1386 856 litteris
1411 825 1467 856 im-

184 889 298 919 pressa
321 881 406 910 sunt.
437 879 488 910 his
509 878 614 910 Servii
637 878 842 920 grammatici
867 889 984 909 nomen
1009 877 1197 918 plerumque
1223 879 1254 908 et
1273 877 1467 919 inscriptum

185 934 236 963 est
260 934 291 963 et
316 932 545 973 subscriptum.
582 931 716 963 alterius
737 932 864 974 generis
884 931 1061 972 codicibus,
1087 931 1141 972 qui
1161 930 1255 972 pauci
1276 934 1351 962 sunt
1372 934 1468 973 atque

185 988 315 1026 praeter
343 997 443 1017 unum
473 996 584 1017 omnes
613 985 647 1016 in
671 984 777 1016 media
801 984 955 1016 Franciae
979 986 1072 1025 parte
1098 984 1209 1026 scripti
1234 984 1286 1015 vel
1311 987 1396 1015 certe
1421 985 1467 1015 in-

184 1039 287 1079 venti,
310 1039 451 1087 primum
474 1049 551 1069 usus
576 1040 625 1069 est
644 1038 760 1069 Petrus
780 1038 898 1069 Daniel
918 1038 1174 1078 Aurelianensis,
1199 1038 1254 1079 qui
1275 1049 1358 1069 anno
1382 1038 1467 1070 1600

184 1092 319 1124 Parisiis
349 1091 495 1123 Servium
525 1091 633 1123 edidit.
671 1102 708 1122 ex
738 1091 788 1122 his
818 1090 1089 1133 Lemovicensis1)
1119 1090 1153 1130 (a
1176 1091 1245 1122 buc.
1269 1091 1316 1122 IV
1342 1092 1358 1122 1
1385 1093 1468 1132 operi

183 1156 252 1186 ωηο
275 1156 338 1177 non
361 1145 483 1176 maiora
506 1145 560 1176 sed
576 1145 674 1185 paulo
698 1146 819 1176 maiora
845 1145 885 1176 ad
908 1155 1017 1186 georg.
1041 1145 1057 1175 I
1077 1145 1140 1176 279
1160 1155 1218 1184 per
1241 1155 1343 1176 coeam
1365 1148 1487 1176 (Πύθην

183 1202 210 1230 et
240 1199 400 1240 typhoeum
427 1201 456 1230 et
479 1198 611 1238 iapetum
636 1208 739 1229 onmes
759 1199 898 1239 yiyantes
922 1196 1154 1240 intelleyimus),
1184 1197 1209 1228 F
1212 1196 1388 1238 uldensis2’)
1413 1197 1466 1239 (ad

184 1251 263 1284 Aen.
290 1252 307 1283 I
335 1255 368 1284 et
395 1251 455 1293 II),
484 1250 732 1294 Floriacensis³>
760 1250 814 1292 (ad
844 1251 924 1282 Aen.
952 1250 1125 1292 III—XII)
1150 1253 1278 1292 praeter
1307 1262 1465 1282 commen-

186 1306 304 1337 tarium
332 1305 448 1346 prioris
479 1305 601 1336 ordinis
630 1304 724 1335 libris
754 1306 917 1335 servatum
941 1315 979 1335 ea
1003 1305 1169 1336 continent
1195 1315 1277 1346 quae
1301 1305 1464 1336 inclinatis

185 1359 305 1390 litteris
338 1358 555 1400 imprimenda
588 1358 709 1389 curavi:
741 1358 856 1399 quibus
890 1358 1082 1389 commentis
1106 1369 1210 1399 neque
1236 1357 1339 1390 Servii
1362 1369 1465 1399 neque

183 1412 281 1443 ullius
306 1412 431 1453 antiqui
454 1412 641 1452 interpretis
665 1422 784 1443 nomen
803 1413 859 1442 aut
873 1411 1067 1452 inscriptum
1082 1414 1139 1442 aut
1154 1411 1373 1452 subscriptum
1393 1423 1462 1444 esse

184 1476 309 1497 moneo.
346 1476 412 1496 non
436 1465 563 1496 videtur
587 1467 661 1496 ante
686 1475 780 1505 posse
805 1467 880 1505 apte
905 1464 943 1495 de
959 1463 1062 1495 Servii
1082 1465 1178 1496 rebus
1199 1467 1231 1496 et
1251 1465 1367 1496 studiis
1385 1465 1464 1497 Ver-

184 1519 314 1561 gilianis
338 1519 517 1560 horumque
541 1517 699 1549 memoria
722 1518 896 1559 disputari,
920 1529 1016 1559 quam
1040 1519 1273 1560 investigatum
1297 1519 1340 1550 sit
1361 1520 1464 1550 utrius

184 1572 310 1613 generis
344 1571 420 1603 libri
456 1582 475 1602 a.
503 1570 643 1612 genuina
672 1570 819 1602 Serviani
851 1572 1075 1603 commentarii
1103 1572 1294 1614 integritate
1331 1573 1464 1614 propius

184 1625 296 1657 abesse
320 1623 531 1667 videanturf)

272 1678 321 1710 De
345 1690 383 1710 ea
412 1678 600 1720 quaestione
629 1679 748 1710 mirum
777 1680 826 1710 est
854 1689 951 1719 quam
980 1679 1086 1710 variae
1116 1679 1181 1710 sint
1204 1678 1464 1711 doctissimorum

183 1732 352 1763 hominum
377 1743 536 1773 quamque
560 1732 780 1773 discrepantes
805 1732 993 1764 sententiae.
1041 1734 1137 1773 atque
1160 1732 1300 1763 Petrus
1324 1732 1463 1765 Daniel

183 1785 253 1826 ipse
278 1785 546 1817 commentarium
566 1796 661 1827 quem
681 1796 697 1816 e
718 1785 784 1817 suis
803 1785 896 1816 libris
917 1788 1047 1817 auctum
1067 1785 1213 1817 ediderat
1231 1786 1339 1817 noluit
1356 1788 1462 1818 totum

186 1837 297 1869 Servio
317 1839 432 1879 tribui,
463 1839 518 1870 sed
542 1840 694 1880 quoniam
718 1850 780 1871 non
805 1840 896 1870 nulla
920 1850 1031 1871 eorum
1056 1851 1137 1881 quae
1162 1839 1306 1880 vulgatis
1331 1840 1462 1871 scholiis

185 1891 295 1923 addita
317 1892 483 1924 invenerat
506 1893 574 1924 illis
599 1893 719 1924 similia
744 1904 812 1924 esse
837 1893 968 1925 videbat
993 1904 1073 1935 quae
1092 1893 1276 1924 Macrobius
1296 1893 1331 1924 in
1351 1892 1462 1925 Satur-

258 1990 282 2021 1)
301 1996 374 2014 nunc
393 1988 422 2014 in
440 1988 569 2015 Leidensi
587 1989 762 2016 bibliotheca
780 1989 932 2016 Vossianus
951 1993 993 2016 80.
1068 1991 1093 2022 2)
1114 1998 1185 2015 nunc
1207 1988 1389 2016 Casseflanus.

184 2029 211 2061 3)
226 2036 298 2054 nunc
313 2027 460 2054 Bemensis
477 2032 526 2055 172
542 2030 620 2063 (Aen.
633 2029 745 2062 Ill—V)
761 2030 790 2055 et
803 2029 943 2056 Parisinus
955 2033 1023 2056 7929
1039 2029 1271 2063 nieuw—XII).
1322 2031 1352 2063 4]
1373 2030 1462 2056 Servii

184 2068 297 2094 nomine
321 2069 456 2100 quantum
478 2068 539 2094 fieri
562 2070 673 2103 poterat
696 2069 786 2095 vitato
812 2069 913 2103 prioris
940 2070 1049 2103 generis
1074 2069 1159 2096 libros
1179 2069 1319 2096 breviores
1338 2070 1383 2096 vel
1402 2070 1461 2096 vul-

184 2108 264 2142 gatos
288 2107 358 2140 dixi,
383 2116 454 2141 quae
479 2107 519 2134 eis
544 2108 721 2136 continentur
745 2108 902 2135 breviorem
926 2109 972 2135 vel
996 2109 1143 2143 vulgatum
1168 2109 1396 2135 commentarium
1417 2110 1461 2135 vel

184 2147 301 2181 vulgata
321 2147 434 2173 scholia.
479 2147 666 2174 Cassellanum
685 2149 845 2182 similesque
865 2148 951 2175 libros
970 2148 1109 2182 pleniores
1128 2149 1173 2175 vel
1193 2148 1355 2175 Danielinos
1374 2149 1460 2174 nomi-

184 2187 262 2220 navi,
291 2188 522 2214 commentarium
541 2188 580 2214 eis
600 2189 741 2214 servatum
764 2188 917 2222 pleniorem
941 2189 1000 2215 sive
1025 2189 1190 2222 ampliorem
1205 2188 1263 2215 sive
1274 2189 1459 2214 Danieh'num.

185 2227 295 2261 singula
319 2227 427 2254 scholia
453 2236 523 2260 quae
542 2227 571 2252 in
590 2227 761 2260 plenioribus
781 2227 924 2254 codicibus
945 2229 1048 2261 extant,
1068 2228 1097 2254 in
1116 2228 1239 2262 vulgat-is
1259 2228 1460 2260 desiderant-ur,

186 2266 348 2294 Cassellana
372 2267 417 2299 (ad
441 2268 509 2293 Aen.
530 2266 541 2292 l
561 2268 589 2292 et
608 2266 644 2299 ΙΙ)
670 2268 698 2293 et
721 2267 909 2295 Floriacensia.
928 2268 974 2301 (ad
993 2270 1061 2295 Aen.
1082 2268 1218 2301 III—XII)
1241 2268 1284 2294 vel
1304 2267 1460 2299 Dauielina,

185 2315 248 2333 eum
276 2307 324 2341 qui
351 2307 507 2341 pleniorem
536 2307 767 2333 commentarium
797 2308 954 2342 composuit
982 2317 1038 2334 non
1066 2308 1151 2334 nullis
1180 2307 1248 2334 locis
1277 2307 1334 2333 eius
1363 2308 1459 2334 aucto-

184 2354 243 2372 rem
263 2346 328 2372 dixi.
