1690 2611
240 122 303 148 XIV
768 122 984 150 PRAEFATIO.

239 205 300 236 bus
325 215 483 246 quaenam
507 203 715 245 praeferenda
740 207 832 236 esset.
876 205 961 246 quod
986 208 1022 237 ut
1045 208 1132 237 recte
1157 217 1176 236 a
1200 206 1268 238 viro
1293 206 1386 238 docto
1412 207 1520 239 obser-

240 261 351 290 vatum
376 269 445 289 esse
471 268 625 299 agnosco,
650 258 697 290 ita
722 259 878 300 quaedam
905 258 1049 290 addenda
1074 271 1142 291 esse
1166 262 1258 301 puto,
1283 260 1398 301 quibus
1419 262 1451 292 et
1469 272 1519 292 res

238 313 310 353 ipsa
330 312 435 354 magis
455 312 601 343 firmetur
621 314 653 343 et
668 312 749 343 illud
765 312 1004 354 comprobetur,
1025 313 1153 344 etiamsi
1169 313 1342 345 Servianus
1359 325 1519 346 commen-

239 366 342 397 tarius
373 365 427 407 qui
452 366 546 397 hodie
570 366 603 396 in
628 366 770 408 vulgatis
795 366 888 397 libris
915 368 1003 398 extet
1027 367 1105 398 olim
1129 367 1254 408 plenior
1277 367 1389 409 fuerit,
1412 369 1520 400 tamen

240 419 461 451 additamenta
484 419 542 450 illa
566 430 631 450 non
656 430 724 451 esse
750 431 787 450 ex
814 431 850 451 eo
874 420 985 461 petita.

329 473 436 515 Atque
474 473 530 504 ille
570 473 625 514 qui
657 473 836 514 pleniorem
870 474 1138 505 commentarium
1172 474 1353 515 composuit
1385 475 1454 516 ipse
1486 476 1520 507 ni

238 527 334 558 fallor
359 527 498 568 curavit,
522 537 562 557 ne
587 527 672 568 quod
697 538 713 558 e
737 527 873 558 diversis
899 528 1141 559 commentariis
1166 528 1329 559 conlatum
1354 530 1440 560 esset
1461 540 1519 570 pro

238 581 332 613 unius
356 580 498 612 hominis
523 591 619 621 opere
643 580 826 612 haberetur.
873 591 950 612 nam
975 592 1046 612 cum
1070 582 1103 612 in
1126 581 1261 623 vulgato
1286 583 1519 614 commentario
1560 611 1563 614 .

236 635 283 666 ita
314 635 460 676 legentes
492 634 533 665 ad
563 634 745 675 superiores
777 634 995 675 expositiones
1020 636 1225 676 revocentur,
1255 637 1291 666 ut
1315 635 1342 666 is
1368 636 1422 677 qui
1447 647 1520 667 eum

238 689 369 729 scripsit
397 690 471 719 ante
502 688 552 719 vel
583 699 680 728 supra
710 687 748 719 de
773 687 883 729 aliqua
907 699 942 719 re
967 699 1005 719 se
1029 688 1178 719 dixisse
1203 690 1347 730 moneat,
1375 689 1406 719 in
1433 689 1519 720 addi-

238 742 324 773 ticiis
354 742 486 773 scholiis
516 741 659 773 dictum
693 752 775 772 esse
809 741 848 772 de
882 741 990 782 aliqua
1018 752 1051 772 re
1076 744 1357 773 commemoratur.
1405 742 1442 773 cf.
1466 742 1516 774 III

240 796 294 836 70,
320 796 374 836 89,
402 796 477 836 103,
504 796 566 826 125
592 797 623 826 et
648 795 704 835 68,
728 795 808 835 407,
832 795 905 835 420,
931 794 1005 835 545,
1029 794 1103 826 550.
1151 795 1248 836 quid?
1283 795 1368 837 quod
1392 795 1425 826 in
1448 795 1519 827 bre-

240 849 326 880 viore
355 849 453 890 primi
489 851 521 880 et
549 848 678 880 secundi
706 848 783 879 libri
812 849 1044 880 commentario
1074 860 1131 890 pro
1160 849 1226 880 illis
1255 849 1427 881 revocandi
1454 849 1518 880 for-

238 903 334 934 mulis
360 914 440 944 quae
465 904 540 933 sunt
564 902 615 933 ‘ut
640 914 738 943 supra
762 902 917 933 diximus'
941 902 992 933 vel
1018 902 1070 933 ‘ut
1093 902 1247 934 diximus'
1272 903 1306 934 in
1330 902 1518 935 Cassellano

239 958 425 988 constanter
453 956 534 987 haec
558 956 680 997 scripta
709 968 778 987 esse
807 956 951 987 videmus
984 955 1038 986 ‘ut
1067 967 1165 997 supra
1194 956 1316 987 dictum
1346 956 1424 988 est':
1456 957 1520 988 nisi

239 1010 323 1051 quod
351 1010 462 1051 paucis
492 1010 573 1042 locis
602 1010 764 1041 revocatio
790 1010 921 1041 omnino
947 1019 1121 1050 suppressa
1145 1010 1202 1039 est.
1250 1008 1287 1040 cf.
1313 1009 1383 1040 Aen
1406 1009 1422 1040 Ι
1448 1010 1520 1050 157,

241 1064 316 1105 181,
341 1064 420 1105 231,
445 1064 523 1105 382,
547 1064 622 1104 444,
647 1064 721 1104 665,
746 1064 820 1095 683.
867 1062 897 1094 II
922 1063 974 1104 20,
999 1063 1050 1104 61,
1075 1062 1126 1104 69,
1153 1062 1224 1103 134,
1251 1062 1322 1104 142,
1349 1063 1421 1104 158,
1445 1063 1520 1104 296,

236 1119 311 1159 431,
335 1118 409 1158 471,
434 1118 508 1158 557,
532 1116 637 1158 562¹)
680 1118 741 1148 hoc
765 1128 829 1148 non
854 1118 963 1157 potest
987 1127 1061 1147 casu
1085 1116 1208 1147 factum
1233 1127 1316 1158 esse,
1340 1127 1443 1158 neque
1468 1128 1517 1148 ve-

237 1183 310 1203 reor
343 1183 383 1202 ne
417 1172 568 1213 cuiquam
601 1172 668 1203 veri
703 1171 808 1202 simile
838 1170 986 1201 videatur
1018 1169 1103 1210 quod
1133 1171 1246 1201 contra
1277 1171 1428 1201 naturam
1462 1172 1520 1211 est,

239 1225 387 1256 Servium
424 1225 532 1266 ipsum
570 1225 832 1265 inpersonaliter,
870 1224 1090 1255 breviatorem
1129 1223 1269 1264 aliquem
1304 1224 1520 1264 personaliter

237 1279 366 1311 dixisse.
382 1298 422 1303 ·-
440 1290 479 1310 ne
503 1279 583 1310 illud
609 1279 736 1319 quidem
760 1278 821 1310 hoc
846 1278 916 1309 loco
940 1277 1152 1309 omittendum
1174 1279 1234 1317 est,
1260 1277 1299 1308 ad
1315 1277 1394 1309 Aen.
1410 1277 1440 1308 V
1454 1278 1518 1309 498

238 1333 483 1364 memorabilem
514 1333 674 1374 quandam
702 1332 786 1363 inter
815 1332 980 1363 breviores
1010 1331 1110 1362 libros
1143 1333 1174 1362 et
1203 1330 1441 1362 Floriacensem
1475 1331 1519 1363 in-

238 1387 339 1418 veniri
370 1386 635 1427 discrepantiam:
676 1387 708 1417 in
737 1385 802 1416 illis
833 1385 918 1416 enim
943 1384 1022 1416 haec
1048 1384 1169 1425 scripta
1194 1386 1269 1415 sunt
1292 1385 1328 1416 de
1350 1395 1408 1424 quo
1432 1385 1519 1416 verbo

232 1440 356 1479 plenius
379 1441 493 1472 dicturi
512 1450 619 1471 snmus
642 1439 695 1470 illo
719 1449 806 1470 versit
831 1438 891 1480 (NXI
916 1436 996 1480 268)
1022 1437 1147 1469 ‘devicta
1170 1438 1251 1469 Asia
1276 1438 1409 1469 subsedit
1430 1439 1519 1470 adul-

237 1493 305 1535 ter’,
329 1494 542 1525 Floriacensis
566 1494 679 1524 (licitur
703 1503 761 1533 pro
785 1493 898 1523 ‹lic—turi
921 1502 1027 1522 smnus
1052 1491 1192 1522 exhibet.
1222 1503 1319 1532 quam
1340 1491 1520 1532 scripturae

237 1548 455 1579 differentiam
475 1558 539 1579 non
560 1559 578 1578 a
597 1546 723 1577 librarii
745 1546 881 1577 alicuius
902 1544 1111 1586 neglegentia
1131 1545 1180 1575 vel
1200 1544 1346 1584 libidine,
1371 1544 1425 1575 sed
1445 1544 1519 1575 inde

236 1601 444 1643 repetendam
474 1612 542 1632 esse
573 1600 667 1638 duco,
701 1599 785 1640 quod
810 1598 963 1639 plenioris
988 1598 1212 1629 commentarii
1237 1599 1350 1628 auctor
1373 1597 1520 1629 breviore

237 1658 272 1686 ut
297 1655 414 1686 dudum
440 1655 591 1686 absoluto
616 1654 777 1685 utebatur.

326 1709 449 1740 Deinde
473 1709 540 1740 illis
565 1708 748 1749 pleniorum
772 1706 930 1737 librorum
956 1705 1088 1737 scholiis
1114 1716 1194 1746 quae
1219 1703 1444 1746 <quibusdam'
1468 1705 1519 1736 vel

236 1762 342 1794 ‘aliis’
367 1763 491 1793 tributa
520 1764 595 1793 sunt
620 1761 801 1792 accuratius
832 1759 1026 1791 examinatis
1052 1760 1083 1790 et
1107 1770 1178 1790 cum
1203 1759 1336 1800 vulgato
1361 1768 1518 1789 commen-

236 1817 319 1847 tario
349 1816 542 1856 comparatis
573 1815 730 1856 quaedam
761 1814 951 1844 observasse
980 1813 1105 1853 videor,
1140 1811 1256 1853 quibus
1291 1822 1402 1843 eorum
1437 1822 1518 1852 quae

235 1869 378 1901 Thomas
405 1869 442 1900 de
468 1868 637 1909 amplioris
662 1867 886 1898 commentarii
907 1867 1032 1897 ratione
1054 1865 1135 1897 dixit
1154 1866 1232 1897 fides
1254 1866 1421 1907 augeatur.
1456 1875 1519 1905 qua

236 1923 268 1954 in
297 1934 330 1954 re
361 1922 433 1953 inde
463 1922 571 1963 placet
601 1921 702 1952 ordiri
728 1921 812 1962 quod
838 1920 963 1960 aliquot
987 1920 1080 1959 locis,
1111 1919 1227 1960 quibus
1252 1918 1382 1950 Servius
1408 1929 1519 1949 eorum

235 1988 371 2017 quorum
407 1976 584 2007 sententias
619 1974 756 2016 protulit
790 1974 922 2005 nomina
960 1973 1084 2014 posuit,
1122 1973 1155 2003 in
1192 1971 1392 2013 plenioribus
1426 1971 1518 2002 libris

309 2075 332 2105 l)
359 2081 420 2098 cum
442 2072 588 2106 Scioppius
612 2072 670 2097 cius
696 2070 769 2096 modi
795 2069 998 2104 discrepantias
1029 2078 1082 2096 11011
1108 2069 1259 2101 curaverit,
1288 2068 1370 2095 iniis
1389 2067 1515 2102 partibus

235 2124 306 2148 quac
328 2114 410 2139 hodie:
432 2114 458 2139 in
480 2112 639 2139 Casscllano
660 2112 854 2138 desiderantur
874 2110 919 2136 ubi
941 2110 1049 2143 vulgati
1070 2109 1134 2136 libri
1156 2110 1202 2136 ‘ut
1221 2117 1305 2142 supra
1320 2107 1455 2134 diximus’
1474 2116 1518 2133 cx-

235 2155 333 2181 hibent
356 2153 427 2180 nihil
452 2152 580 2179 adnotari
601 2151 700 2185 potuit.
727 2167 759 2170 —
792 2151 798 2175 l
832 2154 879 2176 157
902 2152 929 2176 ct
948 2154 997 2176 ‘231
1019 2150 1206 2182 Monacensis,
1232 2149 1279 2183 qui
1299 2148 1411 2175 omnino
1430 2147 1515 2181 paulo

234 2195 348 2229 propius
379 2202 460 2227 quarn
492 2192 576 2218 cctcri
608 2192 747 2217 breviores
777 2191 840 2216 libri
870 2191 904 2217 ad
935 2190 1091 2224 pleniorum
1120 2189 1281 2216 memoriam
1305 2187 1427 2220 accedit,
1455 2195 1517 2213 cum

235 2233 394 2260 Casscllano
415 2232 562 2259 consentit.
590 2248 619 2250 ῌ
651 2233 772 2257 cctcrum
793 2231 899 2257 scholia
918 2231 952 2257 ad
975 2231 982 2255 l
1001 2234 1051 2256 :332
1072 2231 1100 2256 et
1120 2229 1143 2255 11
1160 2232 1193 2255 69
1213 2227 1339 2262 inprimis
1358 2228 1426 2261 apta
1446 2228 1518 2259 sunt,

234 2275 334 2308 quibus
354 2273 517 2300 ostendatur
537 2280 619 2305 (103111
641 2271 721 2297 auxie
741 2271 768 2296 in
790 2271 950 2301 (Vasscllano
971 2270 1124 2305 personalis
1143 2268 1247 2295 locutio
1267 2269 1375 2294 mutata
1397 2267 1442 2294 sit,
1479 2267 1517 2293 ibi

234 2314 307 2341 cuim
329 2314 440 2340 Servius
464 2313 497 2338 ad
524 2321 556 2338 ca
581 2320 651 2344 quac
672 2311 769 2338 eodem
790 2311 897 2337 scholio
919 2311 1015 2345 paucis
1035 2309 1159 2337 versibus
1178 2309 1242 2335 ante
1262 2307 1372 2333 dixerat
1390 2307 1518 2341 legentes

235 2354 348 2381 remisit.
