1690 2611
515 103 628 130 COMM.
648 103 687 130 IN
706 103 813 131 VERG.
834 104 916 130 AEN.
938 103 971 130 V.
991 107 1139 131 739—772.
1398 103 1462 134 647

187 186 381 218 intrinsecus
410 187 598 228 iungebant,
628 187 660 217 et
688 186 821 217 incincti
849 186 914 217 ritu
939 185 1078 226 Gabino,
1108 186 1139 217 id
1168 188 1217 217 est
1246 188 1342 228 togae
1371 188 1464 226 parte

189 242 286 280 caput
309 239 421 280 velati,
448 241 540 280 parte
565 232 732 280 succincti,
761 239 916 270 tenebant
940 237 1059 271 stivam
1082 240 1260 280 incurvam,
1290 242 1326 271 ut
1350 239 1463 280 glebae

189 304 299 324 omnes
324 293 516 325 intrinsecus
541 292 705 333 caderent,
733 294 766 323 et
789 292 836 324 ita
860 292 949 323 sulco
975 293 1069 324 ducto
1099 293 1169 324 loca
1193 304 1359 324 murorum
1383 292 1463 323 desi-

189 347 346 388 gnabant,
370 349 513 378 aratrum
538 346 769 388 suspendentes
794 346 877 377 circa
900 346 970 377 loca
994 348 1170 387 portarum.
1208 346 1290 378 unde
1316 348 1348 377 et
1371 346 1465 377 terri-

188 401 308 432 torium
333 401 454 432 dictum
478 402 527 432 est
551 400 643 441 quasi
666 400 872 431 terriborium
895 399 1009 430 tritum
1035 400 1138 431 bubus
1164 402 1196 430 et
1220 402 1338 431 aratro.

278 454 349 485 757.
388 462 528 485 GAVDET
548 462 666 485 11ΕοΝο
687 461 861 485 ’111011111νο
881 461 1030 484 AcESTEs
1052 464 1123 484 suo:
1144 454 1272 484 nomine
1293 453 1377 484 enim
1398 453 1465 484 eius

188 507 293 538 fuerat
317 507 431 538 civitas
458 507 631 548 appellata.

279 560 350 592 758.
389 568 594 598 INDICITQVE
616 568 735 592 FORVM
760 560 791 591 id
812 562 861 591 est
879 562 1006 601 tempus
1027 561 1059 590 et
1078 559 1184 590 locum
1204 560 1353 601 designat
1373 570 1466 600 agen-

189 613 302 644 dorum
325 614 543 654 negotiorum,
568 613 622 655 qui
647 616 822 645 conventus
846 615 988 657 vocatur.
1031 612 1177 644 ‘indicit'
1202 615 1307 644 autem
1333 613 1466 644 verbum

188 667 266 698 iuris
297 669 353 698 est.
400 669 432 698 et
460 678 516 708 per
545 666 606 698 hoc
639 669 804 708 potentem
837 667 907 698 vult
940 666 1122 707 significare
1156 666 1330 698 civitatem.
1420 675 1465 697 ΕΤ

189 729 356 752 PATvas
372 729 442 751 DAT
458 729 540 751 IVRA
555 728 703 752 VOCATIS
728 720 784 751 dat
808 719 965 751 condendi
988 719 1067 750 iuris
1091 720 1286 759 potestatem
1311 719 1361 750 his
1387 730 1466 760 quos

189 774 411 815 appellaverat
438 776 562 815 patres:
592 776 648 805 aut
677 776 761 805 certe
785 773 909 805 vocatis
938 773 1085 814 patribus
1115 773 1185 804 iura
1210 773 1385 804 distribuit.
1432 772 1466 803 hi

189 830 310 869 autem,
338 830 373 858 ut
402 826 572 859 Sallustius
601 827 695 868 dicit,
728 827 787 858 vel
816 829 946 858 aetate
975 826 1034 858 vel
1064 837 1176 857 curae
1206 826 1466 857 similitudine

189 883 318 922 patres
353 881 545 922 appellati
578 883 674 912 sunt.
722 886 888 912 senatores
921 882 1029 912 autem
1058 880 1115 912 alii
1145 892 1163 911 a
1193 882 1321 911 senecta
1350 882 1466 920 aetate,

190 935 244 966 alii
268 946 287 966 a
311 935 443 966 sinendo
468 935 569 966 dictos
594 934 769 975 accipiunt:
799 934 862 974 ipsi
887 934 971 965 enim
996 933 1110 975 agendi
1134 932 1321 964 facultatem
1346 933 1467 964 dabant

184 998 242 1028 per
265 990 388 1019 senatus
411 988 556 1019 consulta.

280 1042 351 1073 759.
390 1054 426 1073 ER
433 1054 512 1073 remo
534 1054 567 1073 ΙΝ
593 1054 711 1073 VERTJCE
729 1042 818 1081 Eryx
836 1051 924 1073 ‘mons
939 1041 1065 1072 Siciliae
1083 1051 1178 1080 snpra
1195 1039 1391 1080 Drepanum,
1415 1041 1468 1071 ubi

189 1095 253 1134 fuit
275 1095 418 1135 templum
448 1094 572 1126 Veneris
595 1095 757 1135 Erycinae.

279 1148 351 1179 760.
388 1157 532 1179 IDALIAE
549 1147 694 1189 Cypriae.
759 1156 935 1179 SACERDOS
952 1148 1007 1179 alii
1024 1148 1062 1179 ad
1081 1148 1251 1189 tumulum,
1267 1148 1323 1179 alii
1339 1148 1466 1180 inverso

192 1201 302 1233 ordine
323 1201 362 1232 ad
383 1201 539 1242 templum
555 1201 712 1242 referunt,
732 1203 767 1232 ut
786 1201 876 1232 lucus
897 1203 1024 1232 tantum
1045 1201 1170 1233 tumulo
1187 1202 1279 1233 detur
1295 1202 1466 1242 Anchisae,

190 1257 225 1286 ut
257 1255 290 1286 in
323 1255 464 1286 bucolicis
497 1254 546 1296 <V
571 1256 634 1295 40>
668 1255 840 1285 inducite
873 1254 1050 1285 fontibus
1084 1255 1236 1286 umbras
1271 1258 1466 1296 pastores.-

190 1320 322 1340 nemora
346 1309 431 1340 enim
458 1308 613 1349 aptabant
638 1308 801 1349 sepulcris.

280 1362 351 1394 768.
388 1371 465 1393 VISA
490 1370 593 1393 MAms
618 1371 739 1393 FACIES
768 1364 804 1392 ut
832 1362 908 1393 alibi
931 1362 1038 1402 <84S>
1062 1374 1168 1393 mene
1197 1363 1291 1394 salis
1321 1363 1466 1404 placidi

191 1416 346 1447 vultum.
392 1416 461 1447 vult
486 1418 593 1446 autem
617 1416 697 1447 istos
723 1418 888 1456 aspectum
913 1427 1039 1457 quoque
1064 1416 1163 1448 maris
1188 1416 1328 1447 horrere,

281 1469 351 1500 769.
390 1477 504 1500 FVGAE
529 1469 748 1509 profectionis.

281 1524 352 1554 772.
389 1531 491 1554 ERYCI
507 1531 552 1553 ET
568 1531 852 1554 TEMPESTATIBVS
878 1523 956 1554 bene
981 1523 1099 1554 iunxit:
1124 1523 1286 1564 procellae
1307 1524 1391 1554 enim
1412 1526 1467 1555 aut

262 1613 278 1636 4
297 1610 369 1636 unde
389 1611 418 1636 et
437 1632 441 1636 .
464 1631 469 1636 .
491 1632 496 1636 .
516 1610 621 1644 aratro]
642 1610 675 1636 cf.
698 1610 760 1637 Isidi
780 1618 818 1636 or.
840 1603 902 1636 Xsv
922 1614 947 1643 5,
967 1614 1000 1636 22
1020 1612 1028 1644 ΙΙ
1053 1614 1085 1636 12
1106 1610 1134 1636 111
1154 1613 1246 1637 autem
1269 1632 1274 1636 .
1296 1634 1300 1637 .
1323 1633 1327 1637 .
1349 1612 1464 1645 dabant]

192 1654 276 1673 exscr.
296 1646 358 1672 Isid.
380 1654 417 1672 or,
438 1646 483 1679 IX,
503 1650 527 1678 4,
543 1650 558 1672 8
574 1649 602 1672 et
619 1649 650 1672 10
665 1647 673 1679 ΙΙ
690 1649 720 1672 13
742 1645 902 1680 Sallustius]
924 1646 982 1672 Cat.
1003 1649 1027 1679 6,
1047 1647 1134 1680 61126
1154 1647 1293 1680 procellae
1314 1669 1318 1673 .
1336 1668 1341 1673 .
1359 1669 1363 1673 .
1384 1647 1465 1680 fiunt]

191 1690 276 1709 exscr.
298 1681 359 1708 lsid.
381 1690 417 1708 or.
439 1682 501 1708 XIII
524 1685 563 1713 11,
581 1684 613 1707 22

264 1765 276 1788 1
301 1761 478 1796 intrinsecus]
502 1761 530 1787 in
554 1761 665 1788 sinistra
689 1761 717 1786 1
748 1761 912 1787 uutriiseeus
933 1761 964 1786 H
995 1762 1029 1788 ad
1054 1762 1193 1788 sinistram
1217 1762 1382 1788 intrinsecus
1404 1763 1464 1797 Μ,,

191 1797 304 1824 incincti
323 1798 353 1823 Ν
358 1797 391 1823 Η
394 1797 454 1823 ΜΖ
479 1797 562 1823 cincti
581 1797 610 1822 1
614 1797 638 1822 L
666 1798 675 1830 ΙΙ
702 1796 757 1822 ritu
759 1796 860 1830 gabino
881 1796 922 1822 F:
945 1796 1000 1823 ritu
1024 1797 1120 1824 sauino
1140 1798 1170 1823 N
1199 1798 1254 1823 ritu
1279 1798 1375 1824 sabino
1396 1798 1465 1824 LM

191 1833 263 1859 libus
282 1833 364 1859 auino
384 1833 415 1858 H
432 1834 441 1866 ΙΙ
463 1835 560 1866 trogae
581 1832 612 1858 H
627 1833 636 1866 ἱΙ
660 1835 675 1858 2
695 1832 794 1866 capitis
815 1832 844 1857 F
860 1833 869 1865 H
891 1832 979 1858 uelati
998 1841 1030 1859 ea·
1049 1833 1143 1859 uelate
1162 1833 1188 1858 L
1209 1834 1218 1867 ΙΙ
1242 1834 1357 1860 succinti
1377 1834 1441 1859 LH
1456 1846 1464 1868 ,,

192 1869 346 1902 incuruam]
368 1869 509 1901 obliquam
531 1867 580 1901 Fu
594 1872 609 1894 3
629 1868 814 1901 designabant
833 1876 973 1893 murorum
995 1868 1044 1902 Fss
1063 1871 1078 1894 4
1098 1869 1258 1895 terlitorum
1279 1870 1308 1894 H
1322 1869 1330 1902 Ι]
1350 1872 1365 1895 5
1383 1869 1463 1895 terri

192 1905 299 1930 borium
319 1904 386 1929 ΝΗ
391 1905 424 1930 Μ
453 1904 556 1937 ten-ib
552 1903 648 1929 orium
667 1877 709 1928 Lg
711 1903 740 1935 <b
759 1904 789 1928 in
810 1912 862 1929 tas
879 1904 897 1936 l)
925 1903 1064 1930 tritorimn
1085 1904 1114 1929 F
1141 1905 1315 1931 tauiitorium
1337 1906 1464 1931 Isidorus

191 1939 370 1966 terribovium
392 1940 544 1972 stephanus
560 1943 583 1965 et
599 1938 755 1965 Faboicius.
784 1942 877 1965 utrum
895 1939 1053 1965 teritorium
1071 1940 1126 1966 sive
1145 1940 1296 1973 tritorium⁷
1317 1950 1355 1966 cm
1369 1942 1463 1973 potius

191 1975 358 2001 teribovinm
382 1983 445 2001 zera
463 1975 499 2000 sit
518 1975 593 2000 lectio
613 1975 719 2000 dubitat
740 1974 819 2000 Gerh.
841 1974 951 2001 Vossius
969 1978 1045 2009 etym
1066 1976 1131 2009 liny.
1152 1976 1198 2002 lat.
1217 1985 1244 2009 p.
1265 1979 1315 2002 517
1339 1977 1348 2009 11
1377 1976 1463 2002 bobus

192 2011 217 2036 L
224 2011 259 2036 M
272 2011 281 2044 ΙΙ
296 2014 310 2036 6
326 2019 431 2036 GAvnnr
451 2019 500 2036 0711.
511 2010 542 2035 N
547 2010 647 2035 LHM
659 2011 667 2043 ΙΙ
682 2010 742 2043 suo]
764 2010 814 2036 sub
834 2010 883 2043 Fu
899 2019 960 2036 suo:
980 2011 1104 2045 nomine]
1124 2019 1173 2037 suo
1194 2012 1312 2039 1101111110
1346 2012 1396 2037 sub
1416 2020 1462 2038 no-

191 2046 265 2072 mine
286 2046 358 2072 0111111
379 2046 436 2072 eius
457 2054 476 2072 e.
496 2055 519 2079 q.
539 2054 559 2071 s.
580 2046 733 2078 Stephanus
747 2046 756 2079 ss
775 2049 790 2071 8
810 2055 970 2075 mnvcxmvss
990 2046 1022 2072 N
1033 2047 1042 2080 ΙΙ
1056 2046 1195 2081 designat]
1217 2046 1391 2081 designifictt
1408 2047 1440 2072 H
1456 2048 1464 2080 l

193 2082 321 2115 designat
339 2081 509 2115 agendorum
529 2080 717 2115 negotiorum]
742 2076 1000 2115 distinguendoruin
1018 2082 1194 2116 negotiorum
1215 2083 1312 2109 definit
1332 2082 1361 2108 F
1392 2082 1463 2108 desi

191 2126 279 2151 gnaris
299 2117 468 2151 agendorum
488 2117 662 2150 negotiorum
682 2116 782 2142 desinit
802 2117 838 2142 M
855 2118 864 2150 ΙΙ
884 2120 914 2142 12
935 2117 1147 2159 appellauerant
1166 2118 1196 2143 F
1211 2120 1220 2151 ΙΙ
1241 2122 1271 2144 13
1291 2118 1396 2151 autem]
1417 2119 1466 2143 aut

192 2153 259 2179 NH
271 2153 281 2186 ss
303 2156 336 2178 14
355 2152 460 2186 aetate]
480 2153 512 2178 ut
531 2151 630 2178 Graeci
648 2152 797 2185 γερουσίαν
817 2152 912 2178 dicunt
931 2150 986 2179 ἀπὸ
1007 2153 1056 2179 τοῦ
1077 2151 1167 2187 γήρως
1187 2155 1249 2180 add.
1267 2154 1294 2179 D
1308 2155 1316 2186 Η
1339 2156 1370 2178 15
1391 2153 1465 2179 enim

192 2196 241 2215 om.
262 2188 292 2214 F
308 2190 317 2222 ss
340 2191 371 2214 16
391 2196 440 2221 per
459 2189 570 2214 senatus
590 2187 717 2213 consulta
735 2187 795 2213 hab
818 2188 853 2213 M
880 2189 1007 2215 consulta
1025 2190 1136 2215 evanuit
1154 2190 1186 2215 in
1206 2189 1240 2215 F.
1270 2190 1380 2215 senatus
1401 2197 1463 2215 eon—

192 2224 295 2250 sultum
311 2224 430 2254 Daniel;
449 2224 518 2249 idem
537 2224 622 2249 edidit
637 2223 791 2256 Stephanus
805 2224 813 2256 ΙΙ
830 2227 860 2249 17
877 2224 913 2250 ad
929 2222 1045 2258 Erycino
1064 2224 1093 2250 in
1108 2224 1210 2251 vertice
1230 2233 1304 2257 supr.
1321 2233 1385 2251 1015,
1407 2225 1464 2250 erix

193 2268 272 2286 mons
292 2260 334 2286 est
353 2259 458 2285 siciliae
478 2267 562 2292 supra
581 2259 739 2292 drepanum
757 2258 805 2284 ubi
829 2259 938 2285 ueneris
962 2259 1081 2286 ericinae
1101 2262 1142 2286 est
1165 2260 1309 2286 fundatum
1329 2261 1404 2293 temp
1407 2259 1464 2286 lum

196 2295 239 2329 ΤΙΙ
258 2304 335 2321 mens
355 2295 384 2320 F
400 2296 409 2328 ss
430 2298 461 2320 19
480 2294 603 2329 inverso]
623 2294 658 2320 F.
669 2294 830 2320 Sclzoelh'us:
849 2302 929 2320 verso
949 2296 1014 2321 libri
1027 2296 1037 2330 ΙΙ
1058 2299 1090 2322 22
1110 2295 1255 2330 sepulciis]
1276 2296 1307 2322 ut
1326 2295 1353 2321 in
1373 2304 1463 2322 amoe-

192 2330 280 2357 nitate
300 2331 409 2357 animae
429 2330 521 2356 forent
539 2333 604 2364 post
622 2329 709 2356 vitam
729 2330 791 2356 add.
811 2330 840 2356 D
853 2330 863 2363 l}
883 2333 917 2356 24
937 2332 1053 2365 aspectu
1072 2331 1105 2357 H

1487 673 1519 695 10

1488 940 1518 962 15

1486 1207 1519 1230 20

1485 1475 1519 1497 ἢν)

1487 1490 1510 1498 ...-
