1690 2611
511 110 624 137 COMM.
644 110 684 136 IN
703 109 809 136 VERG.
830 109 914 135 AEN.
934 109 979 136 IV.
1001 112 1148 136 675-689.
1400 109 1461 140 581

192 203 321 234 aquam:
346 194 402 223 aut
426 191 543 233 ‘date’‚
566 191 598 223 id
622 194 672 223 est
694 192 883 233 permittite.
929 192 1038 223 lavare
1068 193 1175 223 autem
1204 191 1360 223 cadavera
1384 191 1463 222 satis

189 246 345 287 proximis
370 246 616 278 concedebatur:
640 245 722 276 unde
747 245 893 286 queritur
917 247 1025 276 mater
1042 245 1177 286 Euryali
1202 244 1269 285 <IX
1293 244 1378 285 485>
1398 255 1464 276 nec

191 299 354 331 vulnera
378 299 457 331 lavi
481 301 586 331 veste
615 301 759 340 tegens.
805 310 879 330 sane
904 300 935 330 tn
958 301 1055 331 sacris
1072 310 1157 339 pura
1180 300 1268 330 vestis
1292 299 1465 339 appellatur

189 364 266 393 quae
288 364 381 394 neque
402 353 526 393 funesta
548 354 597 391 sit,
620 363 714 393 neque
737 353 890 384 maculam
917 352 1026 384 habeat
1053 364 1088 384 ca:
1115 353 1236 384 homine
1259 355 1387 384 mortuo.
1433 353 1467 384 id

188 407 242 439 hoc
266 408 327 439 loco
351 407 584 448 conprehensum
607 407 704 447 accipi
721 409 827 447 potest,
851 417 919 438 cum
943 406 1027 438 Dido
1057 407 1212 438 inducitur
1239 407 1380 438 habuisse
1406 407 1464 438 cri-

189 471 257 492 nem
285 463 453 500 sacratam,
482 471 540 500 quo
570 460 705 491 videlicet
731 460 845 491 absciso
868 463 970 500 posset
995 461 1062 492 stne
1089 461 1226 491 cruciata
1253 461 1349 492 mort:
1372 461 1465 500 prius

191 517 291 546 tamen
318 514 414 546 voluit
440 514 525 545 ablui
553 524 688 545 eruorem
716 524 783 544 enm
813 514 859 545 ait
890 513 974 545 ‘date
1000 514 1128 545 vulnera
1157 514 1288 554 lymphis
1315 513 1465 545 abluam'.

184 569 308 609 plenius
332 571 432 599 tamen
457 568 542 607 infra
569 568 616 599 ait
640 567 922 608 ‘semianimemque
945 569 1017 600 sinn
1037 568 1233 609 yermanam’
1258 579 1350 609 usquc
1374 568 1465 600 ‘veste

188 621 349 660 crncrem’,
373 624 407 653 ut
430 624 587 662 tamquam
610 622 644 652 ln
667 623 743 652 veste
763 632 845 661 pura
874 622 1004 662 leytttmo
1034 623 1098 653 rita
1126 623 1218 653 morti
1245 623 1319 653 (lata
1347 622 1464 653 habere-

189 678 247 716 tur,
270 686 347 715 qnae
369 675 450 716 qnod
470 677 626 706 sacratam
649 676 763 706 crinem
786 675 937 716 habuerit,
960 676 1040 707 vitae
1061 676 1158 715 faerit
1187 677 1357 708 inmorata:
1390 687 1464 708 nam

189 728 313 760 subiecit
335 731 404 770 apte
426 739 462 760 ex
483 739 618 770 persona
647 729 746 761 Iridis
778 729 885 769 <702>
912 729 1006 761 ‘lame
1038 740 1088 770 eqo
1121 729 1194 761 Dia·
1225 741 1347 762 sacram
1379 731 1465 762 tussa

186 782 251 822 fero
276 785 358 823 teque
380 784 437 814 isto
460 794 582 823 corpore
604 782 711 815 solvo’.

276 836 348 868 685.
387 845 454 868 ORE
480 845 599 868 LEGAM
629 837 829 875 muliebriter,
863 839 1020 877 tamquam
1048 838 1149 877 possit
1179 839 1320 869 animam
1351 840 1466 870 sororis

187 891 320 930 excipere
342 892 370 921 et
391 891 425 921 in
448 901 479 921 se
503 890 677 930 transferre.
725 891 771 922 sic
795 889 907 922 Cicero
938 890 970 921 in
995 890 1142 922 Veri-inis
1172 891 1225 932 <II
1250 892 1278 932 5,
1302 891 1354 933 45,
1380 892 1464 933 118>

188 946 229 975 ut
260 946 470 976 extremum
503 944 678 976 filiorum
710 944 892 986 spiritum
924 955 987 976 ore
1019 945 1197 986 excipere
1229 945 1376 977 liceret.

189 1006 326 1030 GRADVS
351 1007 532 1030 EVASERAT
562 1007 671 1030 ALTos
699 998 734 1029 <id
760 1001 803 1030 est
830 998 1029 1039 ascenderat,
1062 999 1134 1040 rogi
1158 999 1296 1040 scilicet,
1324 1000 1379 1041 qui
1407 1011 1464 1041 pro

189 1052 345 1094 qualitate
374 1051 575 1083 fortunarum
604 1052 739 1083 fiebant:
770 1051 854 1083 unde
885 1052 917 1082 in
948 1054 1039 1083 sexto
1064 1052 1171 1093 <178>
1203 1053 1249 1084 ait
1279 1053 1465 1095 caeloque

188 1105 348 1137 educere
373 1108 534 1137 certant.
580 1108 636 1137 ant
658 1106 732 1146 qaia
756 1106 823 1137 lecti
845 1106 1043 1146 autiquormn
1071 1106 1129 1137 alti
1156 1109 1244 1137 erant
1271 1112 1297 1138 et
1316 1107 1466 1147 yradibus

187 1160 433 1201 ascendebantur,
457 1160 565 1200 quibus
587 1160 739 1200 superatis
762 1159 860 1190 Anna
883 1160 1076 1199 amplectitur
1098 1170 1239 1191 sororem.

276 1213 349 1245 686.
388 1227 524 1245 AMPLEXA
550 1227 682 1246 FOVEBAT
704 1213 774 1245 bene
796 1223 857 1244 non
883 1212 999 1253 ‘fovit’y
1022 1214 1075 1245 sed
1103 1213 1260 1253 εῙ’()υ6ὂαΐ’,
1289 1217 1324 1245 ut
1353 1215 1386 1246 id
1412 1216 1464 1246 (liu

185 1267 302 1307 factum
327 1268 499 1299 ostenderet.

162 1319 167 1323 ’
277 1322 348 1353 687.
393 1322 541 1361 ‚ezec-Aen]
567 1321 753 1361 exprimebat
784 1321 829 1352 vel
860 1321 1013 1359 abluebat,
1046 1324 1080 1352 ut
1108 1321 1159 1361 <X
1189 1321 1273 1362 834>
1307 1322 1466 1354 vulnera

186 1375 351 1407 siccabat
382 1375 546 1416 lymphis.
606 1386 647 1407 an
680 1386 770 1407 suam
802 1377 909 1406 vestem
945 1375 1066 1406 vulneri
1097 1375 1233 1407 Didonis
1267 1376 1465 1407 intersertam-

189 1437 345 1461 CRUORES
371 1430 569 1471 ursurpavit:
594 1441 669 1460 nam
693 1440 750 1461 nec
775 1428 984 1470 ‘sanguines’
1010 1429 1144 1460 dicimus
1175 1440 1307 1460 numero
1337 1429 1466 1470 plurali,

187 1493 245 1514 nec
271 1482 435 1515 ‘cruores'.
483 1477 656 1515 ‘siccabat'
682 1485 788 1514 autem
814 1483 1021 1525 exprimebat.

276 1537 349 1568 689.
387 1545 449 1568 SVB
474 1546 631 1569 PECTORE
656 1548 739 1568 nuuc
764 1548 820 1578 per
844 1537 1018 1568 transitum
1042 1536 1120 1568 dicit
1144 1537 1285 1568 vulneris
1309 1537 1424 1568 locum.

259 1610 273 1633 3
296 1615 361 1633 sane
382 1627 387 1632 .
409 1629 413 1633 .
435 1628 440 1633 .
461 1607 583 1642 mortuo]
604 1607 638 1634 cf.
658 1607 736 1634 Paul
758 1607 832 1634 Festi
852 1616 871 1634 s.
892 1617 917 1633 v.
939 1607 1021 1641 ‘pura
1040 1607 1218 1633 vestimenta’

260 1673 272 1695 1
293 1669 373 1703 satis]
394 1669 503 1695 solis
485 1670 640 1696 ],Ῑ’.ος.ς·ίιιε
668 1672 728 1696 satu
749 1670 783 1696 F.
796 1670 943 1696 Schoellius
974 1669 1101 1703 cognatis
1121 1670 1149 1695 et
1168 1669 1300 1702 proximis
1320 1670 1388 1695 coni.
1404 1669 1463 1695 Ηα-

188 1713 272 1739 qenus
290 1707 299 1739 ΙΙ
320 1708 335 1731 2
356 1683 578 1732 concedebantur
598 1706 626 1731 F
642 1707 651 1739 ΙΙ
675 1707 764 1732 mater
783 1714 832 1732 om.
854 1705 876 1731 G
892 1707 901 1739 Η
925 1709 939 1731 3
960 1705 988 1731 in
1007 1705 1092 1731 sacris
1112 1713 1181 1738 pura
1200 1704 1287 1731 uestis
1307 1704 1465 1738 appellatur

191 1762 196 1767 .
217 1762 223 1767 .
244 1761 249 1766 .
270 1742 352 1773 teque
372 1741 426 1767 isto
447 1749 560 1775 corpore
580 1742 657 1768 soluo
681 1743 712 1767 in
731 1750 815 1773 mara.
836 1749 894 1775 sup.
918 1741 942 1766 T
967 1742 976 1774 u
1004 1741 1153 1774 appelatur
1172 1740 1201 1766 F
1227 1742 1235 1774 ΙΙ
1263 1744 1278 1766 6
1298 1740 1406 1767 absciso
1428 1741 1464 1765 T:

188 1776 283 1803 abscio
304 1776 334 1802 F
359 1776 482 1803 abscisso
502 1777 605 1803 Daniel
631 1779 640 1811 ΙΙ
667 1778 762 1811 posset
785 1778 819 1803 T:
843 1777 932 1811 possit
951 1776 980 1802 F
1005 1778 1014 1810 ss
1047 1780 1061 1802 7
1082 1776 1195 1810 limphis
1215 1776 1245 1801 F
1269 1776 1392 1809 limphys
1414 1776 1438 1801 T
1456 1775 1464 1808 {ss

189 1815 204 1838 8
225 1812 315 1838 sinum
335 1812 365 1838 F
397 1812 486 1838 sinum
506 1821 538 1839 em
558 1813 667 1846 signum
689 1813 713 1838 Τ
739 1814 748 1846 ΙΙ
780 1816 795 1839 9
816 1813 942 1845 legitimo
966 1812 1020 1838 ritu
1045 1813 1134 1838 morte
1158 1812 1181 1837 T
1212 1811 1401 1845 legitimorum
1421 1813 1463 1837 tu-

188 1848 277 1874 morte
297 1847 326 1873 F
356 1847 483 1881 legitimo
508 1850 619 1882 sumptu
642 1850 731 1875 morte
756 1849 858 1875 Daniel
890 1848 1018 1882 legitimo
1043 1849 1155 1880 sumptu
1179 1847 1262 1873 morti
1284 1848 1437 1874 Masvicius
1456 1848 1464 1880 {³

192 1886 223 1909 10
244 1891 314 1916 quae
334 1883 409 1917 quod
432 1883 465 1909 T:
485 1893 501 1917 q
517 1884 589 1917 quod
605 1893 637 1910 εκ
653 1894 669 1918 q
684 1884 758 1917 quad
774 1885 803 1910 F
829 1884 903 1917 quod
923 1892 994 1917 quae
1010 1884 1113 1909 Daniel
1141 1883 1234 1917 quodq
1236 1891 1270 1909 ue
1287 1884 1442 1909 Masticias
1462 1881 1464 1901 ἶ

190 1922 219 1944 11
241 1918 322 1944 Iridis
341 1919 459 1945 Daniel:
479 1919 531 1945 diis
553 1919 583 1945 F
608 1920 656 1946 iris
675 1920 718 1954 ΤΗ
734 1923 765 1946 13
786 1919 885 1955 namu]
907 1920 934 1945 id
954 1920 997 1945 est
1015 1919 1152 1953 excipiam
1172 1920 1235 1945 add.
1252 1919 1324 1945 Lzon
1338 1919 1347 1952 Η
1362 1919 1398 1945 acl
1417 1927 1462 1945 ore

188 1954 280 1988 legam
299 1955 330 1980 in
348 1963 432 1988 mary.
453 1955 626 1981 muliebriter
646 1955 714 1982 dicit
732 1957 875 1989 tamquam
901 1954 989 1989 possit
1013 1955 1112 1981 sororis
1137 1954 1265 1988 spiritum
1291 1954 1416 1988 excipere
1436 1956 1464 1980 et

188 1989 217 2015 in
236 1997 265 2015 se
284 1989 433 2016 transferre
457 1990 480 2015 T
491 1991 500 2024 ΙΙ
514 1991 687 2017 muliebriter
707 2012 711 2017 .
729 2014 733 2018 .
751 1991 925 2018 transferre
944 1991 996 2016 huc·
1015 1991 1185 2023 transposatt
1203 1990 1321 2022 Dama,
1338 1992 1400 2023 post
1419 1998 1463 2016 ex-

188 2026 309 2051 tremum
327 2025 387 2051 hab.
405 2025 434 2051 F
445 2027 454 2059 ΙΙ
472 2029 502 2052 14
522 2026 561 2052 sic
581 2035 629 2053 om.
642 2027 672 2052 F
683 2028 692 2060 ss
709 2030 739 2053 15
760 2028 791 2053 ut
810 2027 928 2053 filiorum
949 2034 1060 2052 suorum
1080 2027 1250 2059 postremum
1270 2011 1397 2060 spii-itum
1417 2033 1463 2051 ore

188 2060 314 2094 excipere
335 2060 432 2086 liceret
452 2060 542 2087 Cicero
561 2063 570 2095 ss
595 2066 626 2088 16
647 2062 771 2088 ascendit
793 2063 829 2088 M
845 2064 854 2095 ΙΙ
877 2061 937 2096 rogi
957 2061 1073 2095 scilicet]
1095 2063 1144 2087 aut
1162 2061 1237 2095 rogis
1257 2061 1304 2094 qui
1323 2061 1391 2087 licet
1410 2061 1439 2087 F
1455 2061 1464 2094 Ῑῐ

190 2099 221 2122 17
242 2096 328 2122 fiebat
346 2097 425 2130 zulyo
439 2096 448 2130 [Ι
462 2096 503 2122 ait
521 2105 570 2123 om.
583 2097 638 2131 ΜΙΙ
654 2101 685 2124 18
702 2099 781 2124 erunt
797 2098 832 2125 F
852 2106 918 2123 corr
933 2097 1036 2123 Daniel
1050 2099 1059 2130 ΙΙ
1073 2100 1106 2123 20
1122 2097 1159 2123 ml
1172 2097 1288 2123 fovebat
1306 2106 1379 2130 supr.
1396 2104 1461 2122 verS.

189 2132 242 2158 hoc
262 2131 331 2157 dicit
350 2133 380 2157 ut
400 2131 532 2158 ostendat
550 2132 597 2158 diu
611 2133 716 2159 factum
730 2133 753 2159 T
766 2134 775 2167 H
788 2133 883 2172 fovit]
886 2133 939 2159 fuit
954 2132 990 2163 F,
1010 2141 1076 2158 corr.
1087 2133 1190 2158 Daniel
1203 2134 1212 2166 ΙΙ
1227 2132 1274 2159 diu
1290 2132 1319 2158 F
1331 2134 1340 2166 l}
1355 2135 1386 2158 22
1403 2142 1463 2158 cnv-

190 2176 253 2193 oxms
274 2166 515 2200 exprimebat..
536 2167 669 2194 infectam
687 2168 834 2202 usurpauit
853 2177 872 2194 e.
893 2178 916 2202 q.
936 2176 955 2195 s.
978 2168 1027 2202 Fu
1042 2169 1078 2194 acl
1096 2168 1220 2194 siccabat
1238 2177 1312 2202 supr
1332 2176 1398 2194 vemrs
1419 2175 1462 2193 ex-

189 2203 329 2236 primebat
347 2203 392 2228 uel
412 2190 545 2229 abluebat
563 2204 608 2230 uel
628 2204 787 2230 exsiccabat
809 2203 922 2237 limphis
947 2212 1025 2229 suam
1050 2205 1127 2230 ueste
1147 2204 1206 2237 (sic)
1226 2203 1334 2229 uulneri
1354 2202 1463 2229 didonis

189 2238 368 2265 intersectam
391 2239 415 2264 Τ
430 2240 439 2272 ΙΙ
462 2239 606 2273 abluebat]
627 2239 748 2266 aliaebat
769 2240 798 2265 F
824 2239 947 2266 alluebat
966 2239 1068 2265 Daniel
1086 2241 1094 2273 ΙΙ
1118 2243 1150 2266 23
1171 2239 1278 2265 sicabat
1297 2239 1390 2272 limpis
1410 2238 1440 2264 F
1456 2238 1464 2272 ΙΙ

189 2274 303 2300 vulnere
323 2274 426 2300 Daniel
439 2275 448 2308 ΙΙ
462 2275 638 2301 intersertam
657 2276 769 2308 scripsi!
788 2275 966 2301 interfectam
986 2274 1016 2300 F
1041 2275 1175 2301 infectam
1195 2275 1298 2301 Daniel
1311 2275 1320 2307 ΙΙ
1335 2277 1368 2300 24
1387 2283 1462 2300 usur-

189 2309 280 2344 pavit]
300 2311 462 2344 usurpatum
483 2311 524 2336 est
543 2311 638 2336 contra
657 2312 746 2337 artem
767 2311 803 2337 M
829 2319 892 2336 nam
914 2331 918 2335 .
936 2332 941 2337 .
958 2331 963 2336 .
983 2318 1093 2337 cruores
1113 2311 1235 2337 omittens
1249 2312 1258 2343 ss
1273 2309 1391 2336 diximus
1411 2309 1445 2336 Η
1455 2310 1463 2340 l]

192 2347 225 2372 26
244 2353 317 2371 nunc
337 2345 441 2371 LMn:
462 2354 525 2376 uam
546 2346 622 2379 NH,
642 2355 690 2373 om.
711 2346 768 2373 FC
779 2347 788 2380 ΙΙ
803 2346 882 2381 dicit]
904 2346 1009 2373 dictum
1028 2346 1058 2373 F
1063 2346 1085 2374 O

1487 684 1517 706 10

1487 951 1517 976 15

1485 1489 1517 1512 ‘25
