1690 2611
667 129 884 157 PRAEFATIO.
1338 130 1409 157 XCV

135 213 273 244 derauda
296 215 383 245 sunt:
411 215 519 253 poetae
542 213 604 244 vita
630 238 636 243 .
661 237 667 243 .
693 236 700 243 .
727 212 905 252 explanatio
935 214 967 242 et
992 210 1035 252 (p.
1065 213 1099 253 5,
1124 213 1157 254 5)
1185 213 1251 244 sola
1280 215 1414 253 superest

136 267 324 307 explanatio,
352 277 429 307 quae
452 267 485 298 in
513 266 647 306 sequenti
675 266 858 305 expositione
880 265 1071 305 probabitur.
1113 266 1223 306 itaque
1253 277 1325 297 cum
1353 266 1413 297 hac

135 320 170 350 111
193 331 226 351 re
251 320 408 351 librorum
433 319 607 351 memoriae
631 319 712 350 nihil
733 319 940 350 tribuendum
965 329 1035 349 esse
1060 319 1300 359 cognovissem,
1324 319 1413 351 nolui

137 384 155 404 a
179 374 381 414 superiorum
411 373 570 404 editorum
602 372 832 403 consuetudine
855 371 1010 412 recedere,
1042 383 1114 402 011111
1144 373 1333 412 praesertim
1362 373 1413 404 his

136 426 295 458 Prisciani
318 426 513 458 testimoniis
539 437 609 457 eam
634 425 760 457 defendi
785 425 941 466 viderem,
966 424 1013 455 VI
1040 425 1079 456 72
1105 424 1133 466 (I
1158 436 1187 465 p.
1203 426 1276 466 256,
1303 427 1343 456 14
1358 425 1413 466 H.)

136 480 261 512 Sei-rius
284 481 318 512 in
343 480 559 512 conmentario
584 479 666 510 tertii
690 479 762 510 libri
783 479 956 519 Vfflfflssliam·
971 480 1004 509 et
1019 478 1046 508 X
1064 478 1105 509 23
1125 478 1152 518 (I
1168 490 1197 519 p.
1214 479 1287 519 515,
1303 480 1344 510 23
1360 479 1415 520 H.)

136 534 260 565 ›S'ervius
284 534 317 565 in
345 533 562 565 commentario
591 532 757 573 Aeneidos,
786 532 903 573 quibus
928 531 1001 572 inde
1032 531 1234 572 aliquantum
1262 532 1413 572 ponderis

137 587 282 618 adfertur
306 586 391 627 quod
415 586 517 617 altero
542 586 612 617 1000
629 586 771 617 dubitari
786 597 850 616 non
866 587 987 626 potest,
1013 585 1090 626 quin
1114 585 1212 616 verba
1228 583 1331 616 Servii
1350 596 1414 616 non

137 652 153 672 e
178 640 332 672 memoria
359 640 489 681 prolata
517 639 572 670 sed
604 650 640 670 ex
670 639 846 680 exemplari
876 638 984 679 aliquo
1015 638 1177 679 adscripta
1207 638 1280 670 sint.
1326 650 1415 679 prae-

136 696 225 725 terea
248 703 361 724 moneo
390 692 532 724 Parisini
563 693 647 724 7959
673 692 911 733 subscriptione
937 691 1073 723 eundem
1097 692 1230 723 titulum
1255 703 1415 723 commem

137 747 218 778 dari:
243 746 294 778 cm·
318 746 403 787 quod
422 746 531 778 addidi
554 747 608 786 qui
629 746 775 786 feruntur
798 746 830 777 id
855 745 895 776 ad
914 745 1087 776 Danielina
1107 745 1230 777 scholia
1254 756 1325 776 cum
1350 746 1415 777 vul-

136 800 223 841 gatis
248 800 418 831 coniimcta
441 800 602 841 pertinere
623 811 660 831 ex
676 801 721 831 eis
738 810 819 841 quae
835 810 932 840 supra
948 799 1081 840 exposui
1096 798 1190 830 facile
1206 799 1415 840 intellegitur.

224 853 263 884 In
286 855 377 884 textu
402 853 456 894 qui
488 856 622 885 vocatur
646 852 802 885 Serviana
836 853 959 884 scholia
990 853 1124 893 antiqua
1152 864 1248 893 quam
1277 852 1414 883 technici

137 906 248 938 dicunt
271 906 472 947 litteratura,
496 904 662 938 ἀδέσποτα
686 907 744 938 illa
768 918 849 948 quae
874 906 989 937 Daniel
1013 906 1136 946 primus
1157 906 1257 937 edidit
1282 905 1415 937 inclina-

137 960 180 990 tis
204 959 323 991 litteris
348 960 506 1001 impressa
531 962 614 991 sunt.
658 971 738 1001 quae
764 971 780 991 e
805 960 988 991 coniectura
1018 959 1128 990 addita
1160 962 1234 990 sunt
1259 958 1416 999 rotundis,

139 1024 220 1054 quae
245 1013 413 1054 abicienda
436 1013 629 1045 videbantur
654 1013 820 1054 quadratis
846 1013 936 1044 uncis
960 1012 1151 1044 includenda
1177 1013 1295 1045 curavi.
1332 1013 1416 1044 idem

139 1066 269 1107 signum
294 1066 455 1098 lemmatis
481 1078 499 1098 a
523 1078 573 1098 me
599 1067 756 1108 suppletis
789 1066 932 1107 adposui.
975 1065 1031 1096 ubi
1060 1066 1315 1107 transpositione
1339 1077 1415 1097 usus

139 1130 210 1150 sum
233 1120 305 1161 ipsa
329 1120 427 1151 verba
455 1121 655 1161 transposita
684 1120 724 1151 ab
754 1120 847 1151 initio
879 1122 910 1150 et
938 1120 972 1150 in
1001 1119 1062 1150 fine
1095 1119 1251 1150 asterisco
1282 1119 1417 1161 signavi,

139 1173 311 1204 verborum
336 1173 447 1204 ordine
472 1184 566 1215 quem
590 1173 665 1204 libri
689 1173 847 1215 praebent
871 1173 956 1204 infra
980 1172 1131 1204 indicato.

226 1225 406 1258 Adnotatio
431 1227 478 1258 ita
501 1226 653 1258 instituta
682 1229 744 1267 est,
773 1228 809 1257 ut
837 1226 925 1268 prior
953 1237 1028 1267 pars
1057 1226 1145 1256 locos
1176 1226 1370 1267 scriptorum
1399 1237 1415 1257 a

140 1278 250 1311 Servio
275 1280 453 1321 ceterisque
478 1280 661 1312 scholiastis
692 1280 896 1311 laudatorum
926 1279 1057 1319 habeat,
1085 1279 1149 1310 nisi
1178 1279 1261 1320 quod
1291 1291 1309 1310 a
1332 1279 1415 1310 libro

142 1333 278 1365 secundo
303 1334 450 1364 versibus
476 1345 513 1364 ex
538 1333 680 1365 Aeneide
705 1334 814 1365 citatis
844 1344 1017 1374 eorumque
1047 1333 1255 1374 scriptorum,
1280 1344 1415 1373 quorum

139 1397 222 1417 unus
246 1387 327 1417 liber
352 1389 454 1427 extat,
477 1387 558 1418 locis
582 1387 707 1418 numeri
730 1388 764 1418 in
783 1388 854 1428 ipso
870 1388 1025 1418 contextu
1040 1386 1181 1427 adpositi
1198 1388 1281 1417 sunt.
1307 1386 1415 1417 eodeni

139 1440 209 1471 loco
235 1439 391 1481 adscripsi
417 1442 448 1471 et
468 1440 631 1472 inferioris
648 1441 765 1472 aetatis
782 1441 977 1481 scriptorum
993 1440 1193 1481 quorundam
1209 1440 1316 1480 verba,
1337 1450 1416 1480 quac

141 1493 270 1534 quidem
294 1503 310 1523 e
335 1492 534 1534 Vergilianis
560 1493 692 1525 scholiis
718 1493 861 1524 derivata
891 1495 979 1533 sunt,
1008 1495 1040 1524 et
1070 1493 1097 1524 si
1126 1493 1203 1534 quid
1231 1493 1416 1524 inveneram

141 1546 224 1586 quod
250 1545 290 1577 ad
313 1545 513 1587 indagandos
539 1546 786 1578 scholiastarum
812 1548 959 1578 auctores
984 1547 1061 1577 utile
1087 1557 1156 1577 esse
1181 1546 1351 1578 videretur.
1384 1546 1417 1576 in

141 1599 363 1640 grammaticis
389 1602 495 1630 autem
520 1601 614 1631 rebus
639 1611 678 1631 ne
703 1601 833 1632 niodum
863 1600 1028 1632 excederet
1056 1599 1304 1631 similitudinum
1333 1610 1416 1630 00111-

141 1653 330 1684 memoratio
355 1653 542 1694 plerumque
573 1664 627 1684 eos
660 1656 789 1685 tantum
818 1654 918 1684 libros
948 1653 1073 1694 respexi
1102 1653 1155 1693 qui
1183 1652 1286 1694 ipsius
1316 1651 1417 1683 Servii

142 1707 225 1738 sunt.
266 1706 300 1737 in
333 1706 444 1737 critico
476 1707 706 1738 commentario
741 1706 781 1738 ad
815 1717 851 1737 ea
881 1718 960 1747 quae
995 1707 1111 1737 Daniel
1145 1706 1285 1747 primum
1319 1705 1418 1736 edidit

141 1759 297 1790 librorum
321 1759 540 1801 discrepantia
568 1760 695 1801 integra
724 1760 893 1791 videbatur
923 1759 1133 1791 adscribenda
1159 1770 1236 1790 esse.
1277 1770 1352 1790 nam
1381 1762 1417 1789 ut

142 1811 224 1842 nihil
247 1812 413 1844 dicam‘de
437 1824 544 1844 rerum
569 1813 619 1844 his
640 1813 771 1845 scholiis
787 1813 1005 1854 expositarum
1021 1813 1233 1854 praestantia,
1257 1813 1417 1854 pleniores

143 1864 267 1896 codices
291 1876 394 1906 neque
419 1877 437 1897 a
460 1866 597 1897 Daniele
623 1878 659 1898 ea
684 1878 764 1908 quae
793 1877 876 1897 nunc
902 1867 1087 1908 postulatur
1111 1877 1187 1898 cura
1210 1866 1341 1897 tractati
1365 1877 1417 1896 ne-

144 1928 204 1958 que
229 1929 247 1949 a
271 1929 432 1959 quoquam
457 1930 567 1950 eorum
592 1920 646 1960 qui
669 1922 744 1961 post
768 1931 840 1951 eum
866 1919 1019 1951 Serviana
1043 1922 1226 1951 commenta
1250 1919 1417 1950 ediderunt

143 1971 282 2012 inspecti
306 1973 388 2003 sunt.
431 1974 544 2003 contra
567 1973 601 2004 in
626 1973 758 2014 vulgato
780 1973 1009 2004 commentario
1025 1983 1095 2004 eam
1111 1972 1270 2004 rationem
1291 1974 1417 2003 secutus

147 2036 231 2065 sum,
256 2027 292 2056 ut
315 2025 378 2056 nisi
392 2024 425 2055 in
441 2025 633 2066 scriptorum
649 2027 804 2067 exemplis
828 2026 930 2067 iisque
953 2026 1032 2057 locis
1058 2025 1173 2066 quibus
1194 2025 1418 2056 memorabiles

127 2089 194 2115 *res
212 2078 389 2119 explicatae
405 2080 527 2119 essent,
550 2090 613 2110 non
630 2080 722 2120 plene
743 2079 926 2111 exhiberem
942 2079 1086 2111 codicum
1108 2089 1205 2109 manu
1226 2079 1417 2119 scriptorum

144 2131 392 2171 dissensionem,
417 2132 471 2162 sed
487 2132 623 2163 leviores
647 2132 852 2163 librariorum
873 2143 995 2163 errores
1020 2132 1212 2163 omitterem.
1237 2143 1274 2163 ea
1298 2143 1348 2163 res
1373 2132 1418 2162 ni-

144 2184 192 2216 hil
216 2185 430 2216 dubitationis
454 2185 572 2216 habere
597 2185 667 2216 visa
691 2188 747 2217 est.
789 2197 864 2216 nain
889 2196 961 2217 cum
986 2185 1025 2216 ab
1050 2185 1095 2216 eis
1111 2185 1165 2226 qui
1181 2185 1258 2217 olim
1274 2184 1417 2216 Serviani

146 2238 371 2269 commentarii
403 2238 598 2280 exemplaria
629 2241 822 2270 curaverunt
852 2239 929 2270 boni
958 2239 1034 2269 libri
1067 2239 1203 2270 adhibiti
1235 2240 1321 2275 sunty
1349 2239 1417 2268 tum

145 2291 225 2322 inihi
248 2291 357 2332 plures
383 2292 474 2333 eique
498 2303 561 2323 non
586 2302 624 2322 ex
649 2291 760 2323 eodem
780 2291 954 2333 archetypo
975 2292 1112 2323 derivati
1136 2291 1176 2323 ad
1196 2302 1327 2322 manum
1352 2290 1418 2321 fue-

146 2345 233 2385 runt,
257 2347 293 2376 ut
323 2345 403 2376 alius
433 2356 470 2376 ex
499 2345 563 2376 alio
592 2344 685 2376 facile
714 2345 877 2376 emendari
905 2347 1024 2387 posset.
1067 2345 1232 2386 graviores
1261 2344 1419 2375 librorum

202 2401 275 2420 Servii
290 2407 368 2420 eornm.
384 2402 433 2421 Vol.
448 2402 465 2422 Ι,
488 2403 552 2421 Fasc.
568 2402 598 2421 Π.
1190 2405 1208 2429 g
