1690 2611
671 134 887 161 PRAEFATIO.
1355 136 1414 162 XCI

139 217 173 248 in
196 228 230 248 re
254 228 294 249 ne
318 217 394 249 illud
426 216 556 258 quidem
580 216 816 258 neglegendum
841 219 891 248 est
914 217 997 257 quod
1023 217 1175 249 Aeneidis
1199 218 1358 259 praefatio
1384 221 1415 250 et

139 271 179 302 ad
202 282 230 302 v.
256 271 340 302 1——3
365 271 615 302 commentarius
639 271 673 301 in
696 272 833 311 utroque
858 270 941 301 libro
966 270 1090 302 desunt.

227 324 373 365 Denique
402 324 481 356 duos
516 323 852 364 Guelferbytanos
886 323 1011 355 codices
1041 335 1270 366 commemoro,
1299 326 1414 366 quibus

139 377 296 409 Albertus
321 377 403 409 Lion
427 377 468 409 ad
491 388 583 408 suum
609 376 712 408 Servii
741 377 905 419 exemplar
935 377 1169 418 adornandum,
1199 381 1265 409 tum
1295 378 1414 410 Bodius

140 431 179 462 ad
199 431 512 472 mythographorum
537 431 635 462 verba
658 430 857 462 emendanda
881 441 957 461 usus
982 433 1039 461 est.
1083 431 1184 472 prior,
1210 432 1257 472 (J,
1284 433 1332 463 10.
1357 444 1415 464 ms.

140 484 223 526 Aug.
253 484 331 527 815)
359 487 396 516 ut
423 484 518 516 Bodii
548 485 653 516 verbis
681 487 769 525 utar7
805 487 854 515 est
884 484 1177 524 emembranaceus,
1213 485 1317 517 forma
1350 498 1415 518 ma-

139 539 240 578 xima,
265 549 345 570 saec.
375 537 499 579 XIH1),
527 538 615 569 foliis
647 539 708 569 152
733 549 881 569 versuum
912 538 954 569 52
984 537 1105 578 duplici
1135 538 1247 569 ordine
1277 539 1414 581 singulis

139 591 268 634 paginis
298 591 555 632 splendidissime
585 594 798 622 exaratorum.
847 591 955 622 deficit
984 591 1017 622 in
1047 591 1151 622 verbis
1182 591 1221 622 ad
1252 592 1329 624 Aen.
1355 593 1415 623 XII

142 645 204 675 164
228 645 273 676 ita
300 645 433 676 dicemus
460 655 541 676 unas
569 645 654 685 biyas
685 644 788 676 zmas'.
831 645 1055 686 georgicorum
1085 646 1316 677 commentario
1342 646 1416 677 Phi-

139 698 272 739 largyrii
300 709 381 739 quae
409 698 557 729 feruntur
591 698 713 729 scholia
748 698 899 729 adiuncta
927 700 1002 729 sunt
1031 697 1085 740 (cf.
1116 710 1196 730 mus.
1224 699 1327 730 Rhen.
1356 699 1415 730 XV

139 763 168 792 p.
196 751 282 793 135).
325 752 359 782 in
383 751 537 783 Aeneidis
562 752 795 783 commentario
821 763 902 794 quae
926 752 1021 783 huius
1046 752 1165 783 codicis
1190 753 1322 793 propria
1342 757 1417 784 sunt

139 815 250 835 eorum
273 815 339 836 non
362 805 464 845 nulla,
490 806 694 846 quaestiones
719 805 920 846 plerumque,
945 816 982 836 ex
1008 804 1215 847 Gottingensi
1240 807 1416 848 exemplari

118 858 171 894 >in
196 858 438 890 adnotationem
463 858 608 889 criticam
637 858 837 899 transcripsi.
881 858 964 889 alter
989 858 1261 900 Guelferbytanus
1288 858 1354 901 (44,
1375 861 1416 891 23

139 922 196 942 ms.
221 911 304 953 Aug.
329 911 406 954 816)
432 911 619 943 chartaceus
644 914 693 942 est
721 923 802 943 saec.
827 910 901 952 XV,
929 912 1033 943 forma
1057 912 1209 953 maxima,
1234 912 1320 944 foliis
1344 914 1417 945 257.

139 965 243 995 tribus
274 964 362 995 foliis
394 965 568 1005 postremis
599 964 721 996 Bodius
752 964 854 995 vitam
884 964 1023 1006 Vergilii
1055 966 1213 997 contineri
1245 965 1337 998 docet
1365 967 1416 998 his

138 1017 244 1049 verbis
269 1017 469 1049 desinentem
497 1019 602 1050 multis
629 1018 761 1049 versibus
786 1018 987 1049 admiramns.

228 1071 343 1103 Restat
375 1074 411 1103 ut
441 1072 478 1102 de
511 1072 578 1103 illis
608 1071 755 1103 Serviani
790 1072 1013 1103 commentarii
1048 1073 1280 1114 supplementis
1314 1071 1458 1118 dicaml'g
1460 1072 1577 1118 Icfflxrffln

139 1135 218 1165 quae
242 1125 352 1166 paucis
378 1126 536 1166 exceptis
529 1124 551 1167 )
576 1125 639 1156 nisi
668 1125 701 1156 in
732 1125 895 1157 codicibus
925 1125 1117 1166 quibusdam
1147 1127 1275 1158 saeculo
1305 1128 1438 1168 quintoS
1441 1126 1543 1173 upp¹2¹ffffi
1533 1132 1569 1145 ‘³¹¹'

139 1178 262 1210 decimo
291 1179 325 1210 in
353 1178 496 1210 Italia
483 1179 612 1220 scriptis
641 1190 706 1210 non
734 1179 949 1210 inveniuntur.
996 1179 1071 1210 libri
1100 1182 1205 1212 autem
1239 1192 1318 1222 quos
1348 1182 1416 1213 eius

139 1233 266 1273 generis
292 1243 362 1264 esse
382 1233 518 1274 cognovi
538 1232 572 1263 hi
597 1234 684 1263 sunt:
712 1231 973 1264 Bononiensis
1006 1233 1222 1266 bibliothecae
1253 1234 1282 1266 S.
1309 1234 1416 1267 Salva-

140 1286 221 1317 toris
246 1286 288 1317 90
312 1285 413 1317 chart.
442 1286 498 1317 fol.
528 1284 582 1328 (cf.
611 1297 689 1317 mus.
714 1285 816 1317 Rhen.
841 1286 918 1316 XIV
947 1298 977 1327 p.
1002 1287 1095 1328 548);
1127 1287 1416 1320 Ottobonianus

141 1339 226 1370 1290
250 1339 350 1371 chart.
374 1339 442 1380 fol.;
467 1339 704 1371 Dresdensis
728 1339 945 1371 bibliothecae
971 1341 1078 1382 regiae
1098 1339 1136 1372 D.
1159 1342 1220 1373 136
1241 1342 1342 1374 chart.
1362 1343 1416 1374 fol.

140 1391 192 1434 (cf.
215 1392 319 1423 Ebert
343 1392 457 1424 Gesch.
482 1405 510 1424 11.
535 1392 720 1424 Beschreib.
746 1393 800 1424 der
824 1393 898 1424 kon.
922 1392 1076 1425 Biblioth.
1101 1406 1139 1425 zu
1163 1394 1274 1427 Dresd.
1298 1408 1327 1437 p.
1352 1397 1413 1428 271

140 1447 171 1476 et
194 1445 340 1487 Wagner
369 1447 402 1477 in
427 1446 665 1478 Zimmermann
690 1446 817 1488 allgem.
847 1446 1017 1478 Schulzeit.
1050 1448 1135 1479 1830
1159 1460 1188 1479 n.
1213 1448 1282 1490 24);
1311 1450 1415 1481 Pari-

140 1499 247 1530 sinus
274 1500 359 1531 7965
384 1500 483 1531 chart.
508 1500 563 1532 fol.
590 1500 642 1542 (cf.
667 1511 746 1532 mus.
771 1500 871 1531 Rhen.
888 1500 965 1531 XIV
981 1512 1009 1541 p.
1027 1502 1090 1532 548
1116 1504 1148 1533 et
1167 1502 1307 1534 Thomas
1333 1504 1416 1534 essai

140 1563 169 1592 p.
193 1552 352 1594 26—30);
377 1553 579 1585 Parisinus
612 1554 715 1585 16237
748 1553 838 1587 (fond
862 1554 900 1585 de
925 1554 956 1585 la
985 1553 1151 1586 Sorbonne
1176 1556 1254 1598 513)
1284 1557 1417 1588 membr.

140 1605 207 1646 fol.;
231 1605 433 1637 Parisinus
458 1607 673 1638 bibliothecae
699 1606 728 1638 S.
745 1606 927 1638 Genofevae
953 1607 982 1638 Y
1002 1608 1030 1638 b.
1054 1609 1067 1638 1
1095 1610 1227 1640 membr.
1253 1610 1321 1650 fol.;
1346 1610 1416 1641 Pa-

139 1658 287 1690 risinus
312 1660 460 1692 bibfioth.
492 1660 529 1691 de
554 1660 705 1692 l'arsenal
730 1660 793 1692 899
818 1661 951 1692 membr.
976 1660 1043 1701 fol.;
1068 1661 1268 1694 Parisinus
1299 1664 1417 1695 biblio-

139 1712 253 1743 thecae
277 1712 516 1745 Mazarinianae
540 1713 573 1746 L.
598 1714 641 1745 24
662 1713 794 1745 membr.
824 1714 879 1745 fol.
905 1725 941 1745 ex
965 1714 1059 1745 huius
1085 1716 1212 1756 generis
1237 1717 1328 1748 libris
1354 1717 1416 1748 duo

141 1766 216 1796 anni
242 1767 327 1797 1470
351 1769 407 1798 aut
432 1768 532 1808 1471,
556 1770 592 1798 ut
615 1769 763 1808 putatur,
793 1767 993 1808 exemplaria
1016 1768 1189 1810 fluxerunt,
1213 1781 1350 1811 quorum
1375 1771 1417 1801 al-

89 1848 99 1856 ,
140 1821 244 1850 terum
260 1818 514 1862 Christophorus
530 1820 702 1852 Valdarfer
716 1820 964 1852 Ratisbonensis
980 1821 1140 1863 Venetiis,
1164 1823 1300 1854 alterum
1321 1823 1416 1855 Vdal-

141 1872 226 1903 ricus
255 1872 366 1904 Gallus
395 1873 517 1905 Romae
546 1873 794 1915 imprimendum
825 1875 957 1905 curavit.
1000 1875 1038 1906 cf.
1067 1875 1208 1908 Thomas
1237 1888 1266 1917 p.
1291 1877 1355 1908 333
1385 1879 1416 1908 et

142 1924 254 1966 Heyne
280 1926 353 1957 edit.
377 1926 501 1968 Vergil.
527 1927 648 1959 elench.
676 1930 754 1959 tom.
778 1927 826 1959 IV
850 1939 879 1968 p.
906 1928 969 1959 642
994 1940 1061 1970 sqq.
1091 1930 1136 1960 ed.
1160 1929 1216 1961 IV.
1257 1930 1342 1961 inter
1362 1941 1415 1961 eos

142 1978 198 2019 qui
232 1979 360 2011 saeculo
394 1983 483 2012 sexto
516 1981 638 2013 decimo
678 1980 823 2013 Servium
858 1981 1027 2013 ediderunt
1059 1982 1217 2024 Georgius
1250 1983 1416 2014 Fabricius

215 2118 239 2150 1)
260 2116 327 2142 Lion
349 2116 472 2143 dubitari
490 2125 570 2151 posse
587 2117 656 2144 dicit
674 2119 767 2143 utrum
783 2118 890 2144 decimo
905 2119 989 2145 tertio
1008 2128 1043 2145 an
1059 2119 1166 2146 decimo
1187 2121 1285 2153 quarto
1306 2121 1415 2147 saeculo

141 2156 227 2182 codex
247 2157 367 2190 scriptus
388 2157 432 2184 sit.
542 2158 568 2191 2)
590 2158 622 2184 cf.
643 2158 738 2184 adnot.
758 2157 818 2184 crit.
839 2157 875 2183 ad
894 2167 920 2191 p.
941 2161 983 2191 23,
1006 2162 1046 2184 11.
1074 2160 1141 2186 Aen.
1162 2160 1173 2185 I
1191 2163 1238 2186 151
1260 2162 1296 2194 (p.
1314 2163 1355 2192 64,
1373 2164 1414 2193 18)

142 2203 212 2228 quae
228 2204 261 2222 ex
280 2196 454 2230 Monacemi,
475 2206 593 2230 quocum
612 2198 638 2224 ei
657 2198 704 2230 qui
714 2197 887 2231 Lipsiensem
901 2198 930 2223 et
945 2197 1136 2225 Cassellanum
1156 2203 1334 2226 correxerunt
1353 2208 1415 2225 con-

141 2234 278 2269 sentiunt,
306 2237 439 2271 exscripsi
465 2237 562 2263 eadem
589 2237 733 2263 Fabricius
760 2237 854 2264 edidit.
888 2237 962 2264 idem
981 2238 1049 2265 Aen.
1069 2239 1095 2265 ΙΙ
1116 2243 1165 2266 199
1193 2242 1230 2274 (p.
1252 2244 1315 2272 253,
1336 2242 1362 2273 3)
1384 2248 1416 2266 ea

142 2274 256 2301 exhibet
274 2284 345 2309 quae
364 2277 393 2303 in
412 2277 550 2311 Lipsiensi
570 2286 654 2312 supra
672 2286 782 2304 versum
801 2277 899 2303 addita
918 2279 982 2304 sunt
1000 2279 1184 2313 frequentavit
1202 2290 1236 2306 m.
1257 2289 1318 2306 omn
1335 2280 1415 2306 Guel-

141 2314 287 2348 ferbytano
306 2317 395 2350 primo
411 2325 521 2351 quoquc
540 2317 643 2344 italicis
663 2317 744 2344 libris*
756 2317 893 2351 quaedam
913 2319 1071 2345 communia
1090 2321 1161 2346 sunt.
1192 2321 1225 2347 cf.
1246 2320 1339 2346 adnot.
1356 2321 1414 2347 crit.

141 2354 177 2380 ad
195 2364 221 2388 p.
244 2358 302 2389 125,
322 2360 337 2383 3
357 2359 386 2383 et
405 2361 465 2390 410,
485 2360 499 2383 ‘J
522 2359 549 2384 et
569 2366 639 2391 quae
658 2365 741 2391 supra
760 2367 785 2392 p.
802 2357 906 2384 XLVII
929 2358 990 2385 adn.
1014 2362 1026 2384 1
1049 2359 1114 2386 dixi.
