1690 2611
524 133 635 160 COMM.
655 133 693 158 IN
713 131 820 159 VERG.
840 132 923 159 AEN.
945 132 989 159 IV.
1011 135 1122 159 56-75.
1392 129 1454 160 477

274 216 324 247 72.
362 224 505 247 NESCIVS
528 218 584 246 aut
606 215 723 247 nescius
745 215 826 254 qnod
845 214 978 253 fevierit:
1007 216 1061 243 aut
1090 214 1257 254 ignoratus
1285 215 1313 244 et
1342 213 1460 253 Iatens3

183 279 248 300 non
273 269 328 310 qui
352 280 479 300 cervam
502 268 648 300 nesciret.
694 270 725 299 et
749 278 823 298 rara
846 268 920 298 sunt
944 267 1050 307 verba,
1076 278 1156 307 quae
1180 278 1237 308 per
1261 266 1460 298 contrarium

184 322 382 363 significant:
406 333 481 353 nam
505 333 577 353 eum
597 320 736 353 ‘vector’
757 321 799 352 sit
818 320 948 361 proprie
969 320 1022 361 qui
1042 320 1140 360 vehit,
1160 321 1340 352 invenimus
1362 320 1461 351 etiam

185 377 447 407 eum'veetorem
479 375 541 407 dici
575 375 629 416 qui
660 374 801 415 vehitur,
832 376 867 405 ut
897 373 1044 404 Lucanus
1075 374 1095 413 <
1098 373 1143 404 IV
1176 374 1258 414 133>
1289 374 1460 405 vectoris

183 429 337 469 patiens
362 429 546 460 tumidum
571 429 800 468 supernatat
824 437 980 458 amnem.
1024 426 1089 456 tale
1119 429 1168 457 est
1197 429 1228 457 et
1260 426 1459 458 ‘formidolo-

185 481 268 523 sus’3
297 493 368 513 cum
398 482 442 513 sit
468 482 614 521 timidus,
643 482 675 512 et
703 480 883 512 timendum
913 479 1084 521 significat.
1135 491 1207 510 eum
1236 480 1320 511 enim
1351 480 1461 521 exigat

183 535 276 576 ratio,
300 537 336 567 ut
360 535 492 566 nomina
515 534 659 566 verbalia
683 534 810 575 agentis
834 533 976 564 habeant
1001 532 1284 574 significationem,
1308 545 1365 574 pro
1390 545 1461 574 pas-

185 589 253 620 siva
276 588 514 630 significatione
538 588 725 628 plerumque
749 589 920 628 ponuntur.
958 587 1085 627 qnidam
1104 586 1244 618 ‘nescius'
1264 588 1306 618 ad
1323 587 1461 618 Aeneam

183 642 328 683 referunt,
351 643 404 682 qui
427 642 521 673 nescit
543 652 645 673 amore
668 652 722 672 suo
744 641 936 672 vulneratam
960 641 1106 679 requiam.
1185 649 1277 672 FVGA
1302 652 1404 681 cursu,
1428 643 1463 672 ut

185 696 299 727 simul
324 706 415 727 arva
448 695 552 736 fuga,
581 695 696 726 simul
725 706 889 735 aequora
917 694 1050 725 verrit:
1078 705 1153 725 nam
1181 695 1371 735 intellegere
1398 705 1463 725 11011

186 760 357 791 possumus
377 750 497 789 fugam,
516 759 588 779 cum
607 747 694 779 dicat
713 747 904 789 ‘peragrat'z
929 758 1101 789 peragrare
1122 747 1206 779 enim
1226 750 1275 779 est
1295 748 1463 779 circumire

187 802 386 844 inquirendo.

274 856 324 888 73.
361 864 532 887 DICTAEOS
558 853 735 886 Cretenses
788 866 899 886 cervae
928 855 1114 886 vulneratae
1144 855 1341 886 dictamnum
1370 866 1462 895 quae-

184 912 273 951 runt,
305 920 366 950 qua
398 911 523 949 yustata
554 911 617 948 sere
644 909 819 940 vulneribus
852 909 910 939 tela
940 909 1104 948 depellunt,
1138 911 1174 940 ut
1206 909 1239 940 in
1275 908 1462 940 duodecimo

187 964 324 1005 legimus
348 963 454 1003 <414>
478 973 551 993 non
576 962 649 993 illa
677 962 773 993 feris
802 962 1005 1003 incognita
1034 962 1160 1003 capris
1189 962 1372 1003 gramina.

183 1025 327 1048 LETALIS
356 1024 523 1047 HARVNDO
558 1018 691 1057 propter
720 1016 864 1047 futurum
899 1027 992 1047 omen
1022 1015 1168 1047 Didonis.
1220 1019 1247 1047 et
1275 1017 1462 1047 admiranda

183 1071 270 1110 copia
294 1070 434 1110 loquendi
458 1069 568 1100 ‘letalis
591 1068 752 1109 harnndo’,
777 1068 926 1109 ‘sayi'ttass
952 1069 1088 1100 ‘volatile
1108 1069 1250 1108 ferrum’.

274 1124 324 1155 75.
361 1131 521 1154 SIDONIAS
547 1122 768 1163 Pygmalionis
793 1122 843 1153 vel
869 1121 1019 1163 Sychaei:
1044 1123 1124 1162 [mod
1145 1132 1239 1162 snpra
1259 1123 1306 1154 ait
1325 1123 1461 1163 <1363>

183 1177 292 1208 avari
320 1176 577 1217 Pyymalionis
605 1186 687 1216 opes
715 1178 742 1206 et
773 1176 808 1215 <1
833 1176 917 1213 359>
948 1177 1110 1215 innatum
1144 1177 1290 1216 aryenti
1315 1177 1462 1216 pondus

183 1233 216 1261 et
237 1231 332 1261 auri.
377 1232 405 1261 et
427 1229 480 1261 lioc
503 1230 641 1260 additum
660 1232 785 1269 propfer
806 1230 884 1260 illud
907 1229 941 1267 <1
962 1230 1048 1268 599>
1073 1230 1240 1260 omnibns
1264 1230 1462 1261 exhaustos

183 1284 257 1314 iam
281 1283 439 1324 casibus,
467 1284 627 1314 oninium
655 1293 789 1323 eyenos.
880 1292 1068 1321 VRBEMQVE
1098 1292 1259 1314 PARATAM
1287 1283 1461 1324 ‘paratam’

184 1336 223 1367 ad
248 1336 327 1367 illud
350 1336 503 1377 pertinet,
528 1336 613 1379 qnod
637 1336 762 1367 Aeneas
786 1338 919 1376 propter
943 1336 1107 1367 civitatem
1132 1337 1273 1378 navigat.
1311 1340 1339 1367 et
1357 1338 1461 1368 omitia

184 1390 211 1421 ei
235 1390 363 1421 ostendit
386 1389 479 1429 Dido,
504 1384 612 1429 quibus
630 1391 729 1429 possit
752 1390 899 1420 inducere.
933 1392 960 1420 et
984 1389 1151 1429 ‘paratam’
1175 1391 1249 1431 ideo,
1274 1393 1307 1421 nt
1330 1391 1370 1422 sit
1393 1401 1460 1422 eon-

178 1443 328 1483 pendium
351 1443 562 1482 quaerentibus
584 1443 673 1474 sedes.
721 1442 774 1473 sed
804 1443 859 1473 alii
889 1445 1020 1474 movent
1050 1444 1270 1484 quaestionem
1301 1444 1460 1484 quomodo

185 1494 367 1536 ‘paratam’,
391 1506 463 1526 cum
487 1495 584 1536 paulo
608 1497 683 1536 post
708 1495 824 1526 inferat
849 1496 934 1536 <SS>
960 1495 1113 1536 ‘pendent
1137 1508 1235 1537 opera
1258 1496 1459 1537 interrupta'.

185 1549 238 1580 sed
268 1551 417 1590 paratum
448 1551 557 1590 potest
586 1549 661 1589 dici,
697 1549 746 1579 cui
780 1549 878 1579 etiam
912 1549 1077 1589 paululum
1112 1553 1270 1591 superest:
1299 1550 1382 1581 unde
1411 1553 1461 1581 est

185 1603 268 1643 <88>
293 1602 478 1643 ‘minaeque
509 1613 673 1633 murorum
698 1602 874 1643 ingentes':
899 1613 973 1634 nain
1001 1604 1066 1634 idco
1098 1604 1174 1635 alibi
1202 1604 1309 1644 <655>
1338 1604 1460 1635 urbem

178 1655 413 1695 praeclaram
435 1656 565 1696 statui,
589 1665 665 1686 mea
688 1656 828 1687 moenia
851 1657 935 1687 vicli.

255 1756 270 1777 3
290 1760 354 1778 nam
373 1753 469 1778 vector
488 1774 493 1778 .
510 1773 515 1778 .
533 1772 538 1777 .
558 1752 680 1786 vehitur]
702 1760 785 1779 exscr.
806 1752 870 1778 Isid.
891 1761 928 1778 or.
950 1752 973 1778 X
989 1756 1037 1779 281
1054 1754 1092 1786 115
1112 1753 1170 1779 tale
1191 1754 1289 1779 est...
1305 1753 1456 1788 significat]

184 1787 218 1814 cf.
234 1788 303 1814 Don.
323 1788 359 1814 ad
378 1788 439 1813 Ter.
456 1796 516 1814 eun.
534 1787 569 1813 IV
586 1791 609 1820 6,
627 1790 666 1813 18⁴
688 1796 773 1814 exscr.
789 1788 853 1814 Isid.
869 1796 906 1814 or.
924 1788 947 1814 X
965 1792 1013 1814 102
1028 1789 1037 1822 Η
1055 1792 1084 1814 10
1105 1789 1199 1823 simul]
1221 1797 1314 1823 georg.
1333 1790 1367 1815 III
1384 1792 1433 1815 201

186 1827 217 1849 13
237 1832 333 1849 cervae
354 1844 359 1849 .
381 1845 386 1850 .
408 1844 412 1849 .
434 1823 589 1857 depellunt]
610 1823 643 1850 cf.
664 1824 725 1849 Isid.
746 1832 784 1850 or.
804 1823 853 1849 XII
878 1828 898 1856 l7
921 1826 951 1849 18
972 1827 999 1850 et
1019 1824 1106 1850 XVIII
1128 1828 1151 1856 9,
1173 1828 1205 1851 29

257 1915 269 1937 1
292 1912 328 1937 ad
345 1911 454 1937 nescius
473 1920 547 1946 supr.
562 1920 628 1939 vers.
648 1912 721 1945 quod
740 1912 848 1938 ferierit
866 1913 908 1946 ΤΙΙ
923 1913 996 1946 quod
1016 1913 1089 1939 fierit
1108 1913 1137 1938 F
1161 1914 1234 1946 quod
1254 1913 1337 1939 fuerit
1356 1914 1459 1940 Daniel

185 1955 238 1980 quo
258 1947 362 1980 fugerit
383 1947 537 1973 Masvz'cz‘us
552 1948 660 1981 primus
674 1949 682 1981 ΙΙ
697 1948 851 1982 ignoratus]
872 1949 984 1982 ignotus
1004 1949 1116 1982 ignarus
1136 1949 1291 1982 Stephanus
1304 1951 1313 1983 ΙΙ
1328 1954 1343 1975 3
1363 1952 1460 1976 uector

185 1992 247 2008 cum
267 1982 339 2008 FM
355 1984 364 2016 ΙΙ
385 1986 401 2008 4
420 1984 560 2009 uectorem
580 1992 642 2009 eum
662 1983 693 2008 N
719 1985 911 2010 conuectorem
931 1993 994 2010 eum
1014 1985 1045 2010 H
1072 1993 1134 2010 eum
1154 1986 1294 2011 uectorem
1314 1994 1376 2011 eum
1398 1986 1433 2011 M
1451 1986 1459 2020 1]

185 2021 199 2043 5
221 2019 399 2052 superenatat
417 2018 527 2044 Lucani
545 2019 711 2052 exemplaria
725 2019 734 2052 {l
748 2020 870 2054 amnem]
891 2021 919 2045 et
938 2019 971 2052 (V
988 2021 1049 2052 580)
1072 2020 1164 2046 ‘venia
1183 2022 1225 2046 est
1244 2021 1311 2047 haec
1332 2021 1392 2047 sola
1410 2030 1457 2055 pa—

185 2053 259 2080 voris
279 2056 418 2079 vectorem
438 2062 493 2079 non
512 2062 589 2080 nosse
608 2054 698 2080 tuum'
721 2055 783 2080 add.
804 2055 832 2080 D
846 2056 854 2088 ΙΙ
874 2058 888 2080 6
909 2055 1059 2090 significat]
1079 2056 1136 2081 tale
1156 2058 1198 2082 est
1217 2057 1245 2082 et
1264 2057 1391 2082 alumnus
1411 2057 1458 2090 qni

184 2089 236 2115 alit
255 2091 283 2115 et
301 2089 398 2121 alitur,
418 2089 518 2122 hospes
537 2090 585 2123 qui
603 2090 706 2123 accipit
725 2092 753 2116 et
773 2090 908 2124 accipitur
927 2091 989 2118 add.
1010 2091 1045 2117 D.
1077 2092 1111 2123 cf.
1132 2091 1201 2117 Isia.
1222 2100 1260 2118 or.
1280 2092 1304 2117 X
1321 2096 1335 2118 3
1355 2095 1378 2118 et
1398 2094 1456 2125 diff.

183 2125 252 2151 verb.
275 2128 325 2151 160
345 2128 368 2151 et
387 2125 463 2150 Beda
484 2125 515 2151 de
534 2126 649 2159 orthoyr.
665 2135 694 2158 p.
716 2128 775 2157 274,
796 2129 828 2151 12
849 2126 884 2152 Κ.
909 2127 917 2159 Η
941 2129 956 2152 9
976 2127 1012 2152 ad
1035 2126 1102 2160 fuga
1125 2134 1199 2160 supr.
1219 2136 1285 2153 vers.
1305 2136 1386 2154 cursu
1408 2128 1432 2153 T
1449 2143 1452 2162 I

185 2160 277 2195 cursu]
299 2168 363 2186 casu
383 2160 412 2186 F
424 2162 432 2193 ΙΙ
453 2163 485 2185 10
504 2161 571 2195 fuga
589 2169 638 2187 om.
659 2161 690 2186 H
702 2161 711 2195 ss
725 2161 811 2186 uel-ris
831 2161 860 2186 F
886 2170 997 2188 uerrens
1024 2162 1158 2195 Veryilius
1176 2163 1184 2196 ΙΙ
1208 2166 1238 2188 13
1258 2173 1387 2189 mensos
1407 2172 1456 2189 om.

184 2196 216 2221 N
219 2196 285 2221 LH
289 2197 322 2221 M
336 2197 345 2229 ss
360 2197 498 2222 cretenses
508 2197 533 2222 L
547 2198 556 2230 ΙΙ
570 2196 699 2222 uulnerat
713 2196 833 2222 edictam
848 2198 984 2230 numque}
995 2198 1026 2223 Η
1038 2199 1047 2231 ΙΙ
1068 2201 1099 2223 14
1114 2199 1170 2224 fere
1186 2198 1222 2230 F,
1241 2198 1316 2225 ferae
1332 2199 1435 2224 Daniel
1455 2222 1456 2233 ¹

186 2252 218 2275 16
237 2249 290 2275 1100
314 2251 427 2282 propter
446 2249 477 2274 H
483 2249 519 2274 M
540 2250 548 2282 ΙΙ
572 2249 735 2275 admiranda
759 2249 840 2282 copia
864 2249 995 2283 loquendi
1018 2251 1084 2284 quia
1106 2251 1222 2278 eandem
1246 2261 1304 2278 rem
1329 2252 1378 2277 sub
1403 2260 1457 2277 una

185 2283 387 2318 significatione
406 2284 511 2318 triplici
530 2285 667 2310 uarietate
686 2284 819 2311 formauit
837 2285 868 2311 in
886 2294 971 2319 mary.
990 2286 1014 2311 T
1026 2288 1035 2319 ΙΙ
1051 2289 1083 2312 18
1102 2287 1281 2321 pigmalionis
1296 2287 1328 2312 Ν
1332 2287 1356 2312 L
1364 2287 1395 2312 H
1400 2288 1435 2312 M
1448 2288 1457 2321 Η

185 2319 289 2345 sichaei
308 2320 347 2346 vel
367 2320 453 2346 sichei
473 2321 537 2346 libri
551 2321 559 2353 ΙΙ
574 2323 607 2345 20
626 2322 756 2346 exaustos
775 2320 872 2354 101123
892 2321 1063 2354 impendium
1083 2323 1185 2349 Daniel
1201 2324 1309 2356 primus
1323 2324 1331 2356 ΙΙ
1346 2326 1379 2348 24
1399 2332 1456 2348 1110-

184 2356 253 2381 nent
271 2355 305 2388 L,
324 2364 391 2382 corr.
412 2356 491 2389 11125
511 2355 632 2381 inferant
651 2356 680 2381 F
692 2357 700 2389 ΙΙ
715 2359 748 2382 26
768 2358 895 2390 paratam
916 2357 1049 2392 111111ἰοὶ]
1070 2358 1117 2384 diu
1137 2359 1166 2384 F
1192 2359 1261 2384 dicit
1281 2359 1316 2383 M

1191 2402 1244 2428 31*

1485 700 1516 722 10

1484 968 1514 991 15

1482 1236 1515 1258 20
