1690 2611
671 110 886 137 PRAEFATIO.
1355 108 1420 134 XIII

140 193 298 224 scholium
330 192 485 233 plenioris
520 191 743 224 commentarii
777 191 901 222 auctori
931 193 1062 231 praesto
1096 189 1199 232 fuit.¹)
1247 190 1302 231 qui
1332 190 1417 231 quod

138 246 288 287 supplere
317 246 488 278 constituit
517 257 598 287 quae
627 257 646 276 a
677 244 787 276 Servio
817 244 938 276 omissa
967 255 1035 275 esse
1064 244 1208 285 videbat,
1242 254 1310 275 rem
1341 243 1421 274 satis

139 299 331 340 impeditam
355 300 509 340 suscepit,
533 301 570 330 ut
593 298 688 330 facile
713 299 741 329 ei
766 298 982 329 condonemus
1007 299 1040 328 et
1065 308 1138 328 nam
1163 297 1421 329 coniunctionem

142 353 211 384 sine
236 354 362 385 ratione
386 353 526 395 positam
551 354 584 383 et
606 352 664 383 illa
688 363 768 393 quae
793 353 867 383 sunt
891 351 938 382 hvic
961 352 1055 382 ctiam
1069 350 1200 382 Athenis
1224 351 1282 382 coli
1300 351 1421 386 dieitur,

142 418 200 447 pro
225 407 341 448 quibus
366 407 431 438 tale
456 406 532 448 quid
556 406 660 437 dicere
685 405 796 436 debuit
821 405 920 435 ‘idem
946 404 1082 435 Athenis
1107 405 1170 436 coli
1195 403 1331 435 dicitur?
1366 403 1420 434 sed

141 460 371 501 vituperandus
397 461 446 491 est
470 459 702 501 grammaticus
727 458 782 489 ille
807 458 891 500 quod
914 458 997 489 alius
1019 458 1205 498 interpretis
1227 457 1421 489 sententiani

141 514 196 554 qui
226 513 264 544 de
288 512 420 544 Nemesi
444 512 627 554 Vergilium
657 512 718 544 hoo
747 512 818 543 loeo
843 511 1000 553 cogitasse
1026 511 1121 552 dixit,
1150 513 1217 542 tam
1243 512 1350 552 inepte
1376 511 1421 541 in-

142 566 255 607 seruit,
293 568 329 598 ut
367 566 623 607 discerperentur
661 576 742 607 quae
776 565 855 597 olim
888 564 999 596 eodem
1033 564 1157 595 scholio
1190 564 1421 605 comprehensa

142 622 262 652 essent:
297 631 358 661 qua
392 619 598 660 inprudentia
631 622 663 650 et
688 619 884 650 Turonensis
917 618 1080 659 interpres
1111 618 1238 649 videtur
1269 617 1420 658 deceptus

141 685 210 705 esse
244 675 277 705 et
308 683 367 714 ego
402 673 553 714 deceptus
588 684 674 713 sum,
709 684 778 704 cun]
808 672 1001 713 praesertim
1026 671 1201 703 Nemeseos
1231 671 1422 712 religionem

141 727 243 758 multo
268 727 424 758 maiorem
448 726 547 757 fuisse
572 728 699 757 constet
723 725 808 766 apud
828 725 1045 757 Athenienses
1071 736 1168 766 quam
1184 724 1367 764 Anterotis,
1391 726 1423 754 et

141 782 232 812 etiam
268 780 349 811 illud
388 780 427 811 ad
461 780 592 811 Athenis
624 779 770 811 videatur
804 779 1006 810 referendum
1040 789 1124 819 esse,
1162 781 1197 810 ut
1230 778 1422 810 scholiastes

141 834 386 866 Atheniensium
416 834 607 874 religionem
632 845 703 864 cum
729 833 834 864 aliena
858 844 1062 874 comparasse
1087 832 1224 863 dicatur:
1248 830 1422 862 Nemeseos

142 889 251 919 autem
267 887 390 919 Romae
410 888 443 918 in
463 887 532 928 ipso
549 886 712 928 Capitolio
733 887 940 918 simulacrum
964 886 1063 917 fuisse
1080 885 1205 917 Plinius
1230 885 1324 916 docet
1347 885 1423 915 hist.

141 943 207 973 nat.
232 941 278 972 XI
302 943 320 980 ξ
337 941 399 973 251
426 943 458 972 et
482 940 625 972 XXVIII
646 942 664 980 ξ
685 941 735 971 22.
774 951 812 971 ex
835 940 886 971 his
912 951 993 981 quae
1018 939 1084 970 dixi
1108 939 1189 970 nihil
1214 941 1424 979 transponen-

144 995 219 1026 dum
248 995 347 1026 fuisse
379 996 514 1036 apparet
541 995 605 1025 nisi
633 994 712 1025 haec
740 1004 801 1025 von
831 994 912 1025 mali
935 994 1082 1025 Nemesin
1110 993 1282 1033 slym'ficari
1299 995 1422 1032 putant.

232 1048 283 1080 Ab
313 1048 364 1079 his
393 1048 575 1089 pleniorum
604 1048 761 1079 librorum
791 1047 1011 1079 additionibus
1037 1058 1074 1078 ea
1099 1058 1196 1087 supra
1220 1046 1287 1077 dixi
1311 1046 1424 1077 discer-

143 1103 247 1134 nenda
276 1113 345 1133 esse
375 1112 456 1143 quae
485 1101 628 1142 vulgatis
654 1101 786 1132 scholiis
812 1101 922 1132 addita
945 1101 996 1132 vel
1021 1100 1135 1132 leviter
1160 1100 1282 1131 adnexa
1306 1101 1423 1130 essent.

144 1155 229 1197 quod
258 1155 554 1186 additamentorum
584 1165 684 1196 genus
713 1155 816 1186 multo
846 1155 1047 1195 frequentius
1078 1166 1147 1185 esse
1177 1165 1241 1185 non
1266 1155 1316 1184 est
1340 1153 1423 1194 quod

144 1209 312 1247 miremur,
345 1220 420 1240 nam
453 1208 581 1239 facilius
613 1219 650 1240 ea
674 1208 790 1249 quibus
819 1208 948 1239 brevior
976 1208 1224 1239 commentarius
1254 1207 1424 1238 videbatur

145 1262 257 1304 augeri
276 1273 370 1303 posse
390 1262 464 1293 huic
484 1261 693 1303 addebantur,
714 1273 809 1302 quam
829 1261 1064 1293 inserebantur.
1099 1263 1174 1292 sunt
1194 1262 1301 1292 autem
1321 1271 1423 1291 novae

145 1315 430 1357 interpretationes
461 1316 603 1357 vulgatis
629 1317 684 1347 aut
709 1315 901 1356 copulativis
927 1316 977 1346 vel
1002 1315 1205 1347 disiunctivis
1231 1314 1426 1346 coniunctio-

147 1369 242 1400 nibus
267 1367 321 1408 (εἰ,
345 1369 450 1408 etiam,
474 1371 592 1410 autem,
615 1380 701 1410 sane,
730 1370 792 1408 sed,
816 1380 871 1409 (m,
897 1372 1009 1406 tamen,
1033 1370 1185 1409 quamvis,
1209 1369 1266 1406 rel,
1290 1370 1357 1408 aut,
1380 1368 1426 1399 vel

145 1424 236 1462 certe,
264 1424 320 1452 aut
346 1421 437 1462 certe)
466 1422 619 1463 adnexae,
650 1424 705 1453 aut
734 1423 780 1454 ita
809 1425 845 1453 ut
868 1423 1050 1462 quibusdcwn
1074 1423 1124 1454 vel
1149 1423 1222 1454 aliis
1246 1422 1296 1454 vel
1320 1422 1425 1452 multis

146 1475 197 1506 vel
219 1485 281 1506 non
304 1475 401 1506 nullis
424 1475 650 1507 tribuerentur.
691 1476 838 1516 exempla
862 1487 934 1507 cum
960 1476 1091 1517 quaevis
1117 1476 1182 1507 fere
1203 1476 1299 1507 huius
1321 1486 1425 1506 exem-

146 1528 246 1569 plaris
280 1528 402 1569 pagina
430 1529 510 1560 satis
540 1529 642 1560 multa
671 1529 822 1560 exhibeat
850 1529 992 1570 proferre
1021 1541 1086 1560 non
1115 1541 1195 1570 opus
1225 1531 1282 1560 est.
1328 1529 1424 1559 huius

146 1581 234 1613 modi
259 1583 366 1613 autem
392 1581 608 1613 additionibus
630 1582 787 1613 Aemflius
809 1582 948 1613 Thomas
970 1581 1012 1623 (p.
1027 1581 1162 1624 49sqq.)
1188 1583 1337 1614 effectum
1358 1593 1426 1613 esse

148 1635 244 1676 dixit,
268 1637 305 1666 ut
329 1635 468 1676 amplior
492 1635 742 1666 commentarius
763 1646 873 1666 eorum
894 1635 1009 1666 similis
1030 1636 1134 1676 fieret,
1160 1636 1215 1677 qui
1235 1634 1424 1667 ‘variorum’

147 1688 256 1720 vocari
276 1689 428 1720 solerent:
454 1688 597 1720 diversas
618 1689 702 1720 enim
723 1688 866 1720 eiusdem
886 1689 948 1720 loci
968 1689 1251 1730 interpretationes
1272 1689 1423 1720 collectas

148 1753 251 1783 neque
290 1742 464 1783 quidquam
502 1742 611 1773 iudicii
649 1743 687 1774 de
722 1753 830 1774 earum
865 1742 931 1773 sive
965 1743 1165 1783 praestantia
1198 1743 1264 1774 sive
1295 1742 1421 1774 vilitate

148 1795 377 1836 interpositum
402 1807 479 1827 esse.
518 1796 613 1838 longe
637 1796 735 1827 aliam
760 1807 829 1827 esse
853 1795 979 1836 vulgati
1004 1796 1227 1827 commentarii
1252 1796 1423 1827 rationem:

150 1859 243 1889 quem
267 1848 322 1889 qui
347 1849 513 1890 scripserit
532 1849 632 1883 videri
652 1850 745 1880 illum
765 1849 893 1890 quidem
915 1849 1116 1890 superiorum
1136 1849 1425 1891 grammaticorum

150 1902 388 1932 commentariis
413 1914 505 1934 usum
531 1914 612 1944 esse,
645 1903 700 1934 sed
724 1903 771 1934 ita
794 1904 830 1934 ut
853 1913 964 1934 eorum
990 1903 1166 1934 sententias
1192 1906 1248 1934 aut
1271 1903 1425 1943 probaret

151 1956 184 1985 et
204 1965 277 1985 suas
296 1954 418 1986 faceret
437 1958 492 1987 aut
512 1959 624 1997 aperte
644 1959 811 1998 tamquam
830 1957 930 1987 falsas
950 1957 1098 1988 reiceret:
1123 1957 1233 1997 paucis
1254 1956 1425 1987 admodum

150 2008 227 2039 locis
252 2018 324 2039 eum
349 2007 514 2040 dubitasse
538 2021 554 2040 e
578 2010 725 2051 pluribus
750 2021 829 2051 quas
849 2012 1134 2042 commemorasset
1153 2009 1426 2050 interpretationi-

225 2128 249 2160 1)
269 2127 322 2153 hoc
342 2136 374 2153 ex
394 2127 444 2153 illa
463 2135 571 2160 quoque
591 2135 620 2153 re
640 2127 815 2161 cognoscitur
834 2127 908 2161 quod
927 2136 977 2161 pro
997 2127 1040 2154 his
1057 2137 1127 2162 quae
1147 2129 1212 2154 sunt
1225 2137 1318 2155 sensus
1337 2131 1426 2154 autem

151 2167 195 2193 hic
219 2170 256 2193 est
275 2170 324 2193 aut
340 2164 489 2200 Ἀντέρωτα
509 2168 617 2193 invocat
635 2167 664 2193 in
682 2167 851 2194 Floriacensi
875 2169 971 2194 extant
996 2169 1125 2194 nonnulli
1145 2165 1294 2202 Ἀντέρωτα
1318 2168 1426 2193 invocat

152 2215 175 2233 e.
196 2215 221 2240 q.
242 2216 261 2234 s.
295 2207 425 2233 videntur
449 2206 523 2233 enim
546 2206 575 2232 in
594 2206 765 2240 plenioribus
784 2207 862 2233 libris
879 2207 966 2233 Servii
986 2208 1123 2241 quaedam
1138 2208 1245 2234 scholia
1267 2207 1360 2233 ‘aliis'
1381 2208 1426 2233 vel

154 2247 225 2273 ‘non
244 2246 342 2272 nullis’
364 2247 409 2273 vel
431 2246 627 2280 ‘quibusdam’
653 2245 761 2273 tributa
784 2255 841 2272 esse
861 2247 934 2280 quod
958 2246 981 2273 is
1008 2247 1057 2280 qui
1082 2247 1261 2273 Danielinum
1287 2255 1427 2273 commen-

153 2287 254 2312 tarium
279 2286 436 2320 composuit
464 2287 561 2313 eadem
587 2286 661 2320 apud
687 2286 757 2312 alios
783 2287 947 2322 interpretes
971 2287 1127 2314 invenerat:
1159 2288 1191 2314 de
1222 2296 1276 2321 qua
1300 2295 1328 2313 re
1353 2286 1426 2313 infra

154 2326 268 2353 dicetur.
