1690 2611
470 111 582 139 COMM.
602 112 641 138 IN
662 111 768 139 VERG.
788 111 872 138 AEN.
893 112 912 137 Ι.
933 115 1081 139 534—538.
1353 111 1415 143 165

137 193 237 225 Orion
257 204 335 235 ergo
354 195 469 234 postea
494 196 628 225 venator
651 193 768 234 factus,
791 193 871 224 velut
895 194 990 224 trium
1007 196 1174 233 parentemn
1193 194 1308 226 viribus
1331 195 1414 235 fisus,

135 246 211 278 dum
235 247 334 278 vellet
358 258 430 278 cum
454 247 560 278 Diana
584 247 809 286 concumbere,
835 248 871 277 ut
894 245 1050 277 Horatius
1075 246 1166 287 dicit,
1191 248 1258 278 eius
1284 248 1413 289 sagittis

137 300 261 331 occisus
286 302 348 341 est,
373 303 408 331 ut
433 299 594 341 Lucanus,
617 300 751 331 inmisso
776 299 944 340 scorpione
967 299 1077 340 periit,
1110 302 1142 330 et
1166 300 1296 332 deorum
1321 302 1413 333 mise-

134 353 258 385 ratione
281 353 404 385 relatus
429 354 462 384 in
482 353 587 384 sidera
606 353 734 394 signum
756 352 917 384 famosum
937 352 1186 393 tempestatibus
1211 353 1296 385 fecit.
1346 355 1413 386 veri

135 406 274 438 similius
309 409 417 438 autem
448 408 498 438 est
527 417 546 437 a
574 406 740 447 scorpione
769 406 1012 446 interemptum,
1045 417 1107 446 quo
1137 406 1259 437 oriente
1288 408 1412 448 occidit,

132 460 207 500 qnia
239 462 267 491 et
297 461 484 501 scoapi'onem
517 462 673 499 tamquam
708 460 833 491 ultorem
862 460 1033 499 pudicitiae
1059 459 1171 490 Diana
1203 460 1280 490 inter
1311 462 1411 492 sidera

132 513 304 545 collocavit:
334 514 421 545 cuius
449 513 549 545 chelae
575 515 752 553 (mundatae
780 513 868 544 alind
894 513 1016 553 siymwn
1044 512 1194 551 fecerim&
1225 523 1300 544 mem
1331 515 1413 553 ipsae

132 568 206 597 sunt
229 566 316 597 libra.
364 576 440 597 sanc
470 566 534 605 ipsc
559 566 655 596 Orion
683 565 904 606 magnitudine
935 576 991 596 sua
1020 565 1130 596 multis
1161 566 1263 597 oritur
1291 567 1412 608 diebus,

133 621 164 650 et
188 619 260 650 ideo
285 619 353 650 eius
379 619 478 650 etiam
503 619 587 659 apud
611 619 735 659 peritos
761 621 809 649 est
834 619 956 649 incerta
975 620 1164 659 tempestas:
1189 619 1272 650 unde
1291 619 1411 651 dictum

133 674 182 703 est
206 671 296 703 ‘cum
320 672 428 703 subito
453 671 647 712 adsurgens'
677 672 716 702 ad
742 672 981 703 excusationem
1009 683 1073 703 non
1101 673 1268 713 praevisae
1292 675 1412 714 tempe-

133 726 236 757 statis.
275 728 307 756 et
322 725 417 757 multi
433 725 595 766 superfluo
612 728 782 766 quaerunt,
802 736 857 757 cur
877 728 967 756 ortus
988 728 1256 757 commemoretur
1271 725 1412 764 Orionis,

131 790 202 810 cum
227 779 269 810 sit
294 778 429 809 inmissa
459 789 477 809 a
501 778 622 810 Iunone
651 781 838 819 tempestas.
885 779 939 809 sed
963 778 1106 811 Ilioneus
1136 779 1200 811 ista
1228 791 1293 811 11011
1321 780 1412 811 novit

130 843 212 873 quae
241 843 260 863 a
288 834 383 873 poeta
413 843 510 872 supra
539 831 624 862 dicta
654 834 741 872 sunt,
771 843 828 872 per
857 842 997 872 musam,
1026 835 1061 863 ut
1090 833 1244 874 diximus,
1273 833 1411 874 cognita.

129 887 161 916 et
185 888 314 917 constat
336 886 469 916 numina
492 886 556 916 nisi
580 885 711 916 inventa
732 886 899 917 occasione
919 896 1034 917 nocere
1053 897 1119 917 11011
1138 897 1247 927 posse:
1273 887 1356 928 quod
1376 887 1410 918 111

130 939 217 970 omni
242 949 299 970 suo
329 949 425 979 opere
449 938 614 979 Vergilius
643 939 815 980 diligenter
845 939 1006 970 observat.
1052 939 1122 971 bene
1149 943 1250 971 antem
1279 939 1410 971 ‘nimbo-

128 991 205 1032 sus',
229 993 282 1032 qui
310 995 337 1023 et
364 994 430 1022 ortu
459 1002 514 1023 suo
542 995 569 1023 et
596 1002 702 1023 occasu
731 994 916 1032 tempestates
947 996 1111 1034 commovet,
1139 994 1217 1024 sic-ut
1239 994 1285 1024 ait
1307 994 1410 1025 Hora-

131 1045 192 1076 tius
215 1056 290 1085 qua.
310 1046 434 1076 tristis
455 1045 569 1077 Orion
589 1046 707 1083 cadi&
727 1048 755 1077 ct
772 1046 845 1085 quia
865 1045 920 1077 hoc
937 1047 1058 1086 se'ynzom
1081 1046 1122 1077 ibi
1140 1049 1194 1085 est,
1213 1047 1266 1078 *nbi
1284 1047 1411 1087 Hyades

129 1099 211 1129 circa
231 1098 362 1137 frontem
391 1099 497 1130 Tauri.

218 1151 290 1182 536.
329 1160 365 1182 lx
379 1161 475 1182 VADA
490 1160 602 1183 CAECA
618 1152 797 1193 incognita,
819 1152 964 1184 latentia.
1033 1161 1249 1185 PROCAclssvs
1265 1163 1409 1186 Avsrms

127 1205 418 1246 perseverantibus.
475 1208 505 1236 et
538 1216 658 1246 procax
691 1206 818 1246 proprie
852 1208 949 1246 petax
983 1208 1044 1246 est,
1083 1217 1159 1237 nam
1192 1218 1326 1247 procare
1360 1211 1409 1239 est

130 1259 252 1298 petere,
276 1258 358 1289 unde
384 1261 415 1289 et
434 1259 522 1299 proci
549 1258 729 1299 [petitores]
751 1259 910 1290 dicuntur.
947 1260 1006 1291 alii
1030 1259 1236 1299 ‘procacibus'
1263 1261 1408 1300 inpuden-

131 1311 210 1343 tibus
233 1312 367 1343 traci'mzt.

217 1364 290 1396 537.
330 1373 466 1403 PERQVE
486 1374 600 1396 vans
621 1374 824 1397 SVPERANTE
846 1375 933 1398 SALo
955 1366 1079 1397 elevato
1100 1367 1183 1397 mari
1203 1369 1234 1397 et
1255 1367 1288 1397 in
1307 1367 1407 1398 undas

129 1417 245 1458 diviso,
269 1420 305 1449 ut
330 1418 412 1449 solet
436 1419 469 1449 in
492 1421 694 1459 tempestate.
743 1418 844 1450 ‘salo'
875 1422 982 1450 autem
1010 1420 1100 1450 venit
1124 1420 1164 1451 ab
1190 1430 1226 1451 eo
1251 1420 1335 1461 quod
1360 1423 1409 1452 est

128 1470 189 1502 hoc
213 1471 316 1502 salum
342 1471 416 1511 sali,
440 1483 515 1502 nam
540 1472 620 1503 sale
644 1471 823 1503 tabentes
854 1473 894 1503 ab
919 1483 956 1504 eo
981 1473 1065 1513 quod
1094 1475 1143 1504 est
1171 1473 1223 1504 hie
1248 1473 1295 1504 sal
1320 1474 1406 1505 salis.

216 1533 354 1561 PERQVE
379 1533 475 1555 INVIA
500 1533 589 1556 SAXA
614 1524 742 1566 ς1“11ν1ει’,
772 1525 804 1556 id
835 1528 883 1557 est
915 1537 1043 1567 aspera,
1072 1526 1223 1557 inmania.
1269 1527 1351 1558 unde
1376 1529 1408 1558 et

128 1577 212 1608 Dido
236 1577 334 1618 paulo
354 1580 429 1618 post
449 1578 545 1619 ‘quae
565 1578 612 1609 vis
633 1578 816 1610 inmanibus
837 1579 978 1620 adplicat
999 1579 1102 1611 oris'?
1138 1590 1203 1611 11011
1223 1580 1307 1610 0111111
1333 1591 1406 1611 suos

127 1630 304 1671 vituperat,
329 1630 383 1661 sed
406 1633 556 1662 naturam
581 1632 686 1662 litoris
712 1631 829 1672 culpat.

217 1683 290 1714 538.
328 1696 387 1715 ιιι-ο
407 1697 496 1715 mum
528 1684 590 1715 cult
620 1684 765 1725 intelle-(Ji,
801 1687 837 1715 ‘ut
867 1685 994 1724 quidam
1026 1685 1166 1724 tradunt,
1198 1696 1348 1726 superesse
1380 1690 1408 1718 ct

127 1736 206 1767 alios
235 1736 290 1775 qui
318 1739 391 1767 sunt
420 1740 452 1768 in
483 1737 589 1776 ᾒιΐιινο
619 1738 762 1772 vindices,
786 1738 815 1768 sc?
844 1738 894 1769 ista·
920 1738 1039 1776 fuerint
1062 1739 1152 1775 Zaesi;
1182 1749 1256 1770 nam
1283 1739 1337 1771 7200
1365 1743 1408 1771 cst

199 1825 214 1848 2
239 1822 381 1857 Horatius]
408 1831 491 1850 carm.
518 1825 555 1850 111
581 1828 608 1857 4,
634 1827 665 1850 71
690 1826 699 1857 ΙΙ
723 1828 737 1850 3
762 1825 903 1858 Lucanus]
930 1825 967 1850 IX
992 1827 1043 1851 836
1067 1826 1076 1858 ΙΙ
1101 1828 1132 1851 16
1157 1825 1300 1860 Horatius]
1327 1827 1404 1860 epod.

130 1861 170 1891 10,
192 1860 224 1883 10
239 1858 248 1891 ΙΙ
263 1861 296 1884 20
317 1859 344 1884 et
363 1867 466 1891 procax
486 1880 491 1885 .
507 1881 512 1885 .
530 1880 535 1885 .
555 1860 681 1893 tradunt]
703 1868 788 1888 exscr,
808 1860 871 1886 Isid.
893 1860 960 1894 orig⁴
978 1860 1002 1886 X
1017 1863 1076 1887 214.
1097 1860 1132 1887 cf.
1148 1861 1254 1887 Nonius
1269 1871 1295 1895 p.
1311 1865 1352 1888 23.
1369 1863 1406 1889 Μ.

131 1895 159 1919 et
178 1893 247 1920 Don.
268 1893 304 1919 ad
323 1893 383 1920 Ter.
404 1894 462 1920 hec.
483 1895 495 1920 Ι
514 1898 543 1927 2,
563 1898 597 1921 84
621 1896 630 1928 ΙΙ
653 1898 685 1921 25
706 1895 775 1929 sale]
797 1896 828 1921 A.
849 1896 859 1921 I
881 1899 930 1921 173

204 1976 217 1998 1
239 1973 323 1999 Orion
343 1973 421 2007 ergo]
441 1973 486 1999 hic
501 1974 527 1999 B
547 1975 591 2000 hic
611 1983 676 2008 ergo
697 1975 774 2001 orion
790 1975 813 2001 C
823 1976 832 2007 ss
846 1975 914 2001 fusis
931 1975 954 2001 G
970 1975 1046 2002 fusus
1061 1984 1093 2002 m.
1108 1985 1158 2003 rec.
1175 1978 1183 2010 ΙΙ
1199 1981 1213 2003 2
1229 1985 1290 2003 011111
1306 1977 1405 2004 dianae

127 2009 186 2034 uim
206 2009 292 2035 uellet
310 2008 412 2035 inferre
434 2009 456 2034 C
476 2010 485 2043 11
508 2013 523 2035 3
543 2010 615 2043 perit
636 2010 658 2036 C
678 2011 686 2043 ΙΙ
711 2014 726 2036 4
750 2011 855 2036 relatus
874 2010 947 2036 inter
966 2011 1057 2037 sidera
1075 2012 1102 2037 B
1130 2012 1203 2038 inter
1227 2012 1318 2039 sidera.
1337 2013 1406 2040 rela-

127 2045 171 2070 tus
192 2044 215 2070 0
236 2045 245 2078 ΙΙ
269 2048 284 2069 G
308 2044 463 2078 pudiciciae
489 2044 512 2070 C
532 2046 541 2078 ΙῙ
566 2048 579 2071 7
605 2046 698 2071 caelae
725 2045 747 2072 O
768 2047 776 2080 ΙΙ
800 2046 886 2072 alium
912 2046 934 2071 C
955 2047 963 2080 Η
987 2047 1047 2080 ipse
1073 2047 1096 2073 0
1115 2049 1124 2080 ΙΙ
1149 2051 1180 2073 10
1204 2048 1333 2082 prouisae
1359 2050 1382 2075 C

129 2083 160 2105 12
181 2079 229 2105 sed
249 2081 277 2105 et
297 2080 320 2105 G
340 2080 349 2113 ΙΙ
374 2083 405 2106 13
426 2081 457 2105 ut
475 2080 580 2106 dictum
601 2082 643 2106 est
663 2080 685 2106 G
701 2083 710 2114 ΙΙ
730 2084 762 2107 16
782 2081 841 2115 qui]
862 2081 928 2114 quia
946 2083 1064 2108 enotavit
1084 2082 1231 2116 Scioppius
1250 2084 1259 2117 ss
1280 2087 1310 2110 17
1331 2084 1407 2111 caint

130 2115 153 2141 G
173 2115 182 2148 l]
203 2115 290 2148 yades
311 2115 334 2141 0
350 2115 430 2141 sieles
451 2115 598 2149 Scioppius
616 2117 625 2149 ΙΙ
647 2119 678 2142 19
699 2117 735 2142 ad
754 2125 776 2143 v.
798 2119 848 2142 5343
868 2117 899 2142 In
918 2117 991 2143 uada
1011 2117 1106 2152 caeca]
1126 2118 1270 2152 incognita
1290 2119 1406 2146 latentia

130 2172 134 2177 ,
151 2172 156 2177 .
174 2171 179 2176 .
199 2150 399 2184 inpudentibus
417 2151 538 2177 tradunt.
562 2151 588 2176 P
609 2152 618 2184 11
645 2155 676 2177 21
697 2151 832 2185 petitores
851 2152 958 2178 seclusit
978 2152 1012 2178 F.
1034 2153 1189 2180 Schoellius.
1222 2163 1339 2181 uxorum
1358 2164 1405 2189 pe-

127 2185 224 2212 titores
250 2186 274 2211 L
299 2186 414 2218 fortasse
437 2186 677 2213 matrimoniorum
699 2187 840 2220 petitores.
866 2187 899 2219 ef.
923 2187 1034 2214 Nonius
1056 2190 1065 2222 ΙΙ
1089 2192 1121 2215 23
1145 2190 1182 2216 acl
1206 2198 1227 2217 v.
1249 2193 1299 2216 537
1326 2191 1403 2224 Salo]

128 2222 222 2247 autem
244 2222 323 2248 uenit
341 2222 376 2248 ab
396 2230 428 2248 eo
448 2230 500 2255 quc
521 2222 615 2255 (qnod)
636 2224 678 2248 est
696 2222 785 2248 salum
804 2222 863 2248 sali.
901 2231 966 2248 nam
987 2223 1061 2250 ‘sale
1088 2225 1230 2251 tabentes’
1252 2226 1288 2252 ab
1308 2234 1340 2252 eo
1361 2228 1404 2257 (co

128 2257 207 2289 deest)
227 2257 300 2290 quod
320 2258 361 2283 est
380 2257 424 2284 1110
445 2257 485 2283 sal
505 2257 577 2284 salis⁴
600 2258 627 2283 P
639 2259 648 2291 ΙΙ
663 2260 695 2283 25
711 2257 791 2290 salis,
812 2266 873 2284 cum
890 2258 978 2284 salum
993 2267 1010 2285 a
1025 2258 1132 2286 σαλεύω
1147 2261 1176 2286 D
1190 2262 1199 2294 ΙΙ
1214 2264 1246 2287 29
1262 2262 1299 2287 ad
1315 2270 1336 2287 1·.
1353 2264 1403 2287 538

132 2291 265 2327 Dispulit]
285 2293 422 2326 dispersit.
455 2293 626 2319 Adnauimus
644 2293 710 2327 oris]
731 2301 781 2327 pro
801 2293 994 2320 adnatauimus
1013 2303 1063 2329 per
1081 2304 1221 2330 syncopen
1241 2297 1402 2330 (sincopen).

131 2326 158 2351 Ρ
177 2328 187 2360 1]
209 2330 242 2354 29
267 2328 295 2353 111
314 2328 404 2355 futero
425 2329 464 2355 vel
481 2329 574 2355 futoro
595 2328 618 2354 C
635 2330 713 2362 (corr.
734 2328 778 2362 0²)
799 2351 804 2355 .
821 2350 826 2355 .
844 2350 848 2354 .
870 2329 956 2355 futuri
975 2330 1034 2364 (sic)
1054 2330 1201 2365 Scioppius

1435 683 1465 705 10

1432 950 1463 972 15

1429 1216 1462 1238 20

1427 1481 1460 1504 25
