1690 2611
93 645 239 665 Turonensis.

248 125 322 151 LXII
778 123 991 151 PRAEFATIO.

249 207 462 239 Floriacensis
489 207 635 249 margine
665 208 786 249 scripta
810 210 902 239 erant
932 207 1139 238 evanuerunt.
1183 207 1351 246 praeterea
1381 203 1527 237 Serviani

249 262 282 292 in
306 261 481 292 Aeneidem
511 261 736 293 commentarii
764 260 1012 302 praefationem,
1046 270 1126 300 quae
1161 259 1216 290 fol.
1240 259 1275 289 4³²
1307 259 1426 300 legitur
1457 270 1528 290 con-

250 315 320 345 tuli.
358 315 440 346 addo
465 315 497 346 in
522 315 651 347 scholiis
681 315 776 346 huius
802 314 920 346 codicis
945 314 1045 345 Iricas
1070 313 1195 355 glossas
1224 312 1310 344 haud
1338 323 1457 353 paucas
1481 313 1528 343 in-

250 368 351 399 veniri
376 370 432 400 aut
457 368 490 399 in
514 369 584 410 ipso
610 371 761 400 contextu
787 370 843 400 aut
872 379 970 408 supra
997 378 1108 399 versus
1135 366 1331 407 adscriptas:
1360 377 1439 407 quas
1463 365 1528 397 Ha-

251 432 352 463 genus
383 422 481 454 schol.
512 422 606 454 Bern.
635 434 664 463 p.
690 422 751 453 1391
781 433 826 462 sq.
869 421 1021 452 collectas
1051 420 1159 452 edidit.
1207 422 1349 451 ceterum
1378 419 1460 451 liber
1489 419 1529 450 ab

251 475 386 517 Hageno
411 476 431 507 l.
455 476 474 507 l.
498 487 527 517 p.
544 476 607 507 689
625 487 692 517 sqq.
717 478 748 507 et
772 476 864 507 catal.
889 475 957 506 cod.
976 474 1072 506 Bern.
1091 485 1121 515 p.
1136 473 1202 505 234
1218 485 1262 514 sq.
1288 473 1528 505 accuratissime

251 529 430 571 descriptus
460 532 516 562 est.
563 530 679 561 Daniel
713 541 746 561 se
780 540 817 561 eo
846 529 879 560 in
916 539 1043 560 omnem
1073 527 1248 559 Aeneidem
1278 538 1372 558 usum
1401 537 1469 557 esse
1498 526 1531 557 in

249 583 449 624 praefatione
473 584 625 615 narravit.

340 636 456 668 Restat
484 635 722 667 Turonensis
756 636 794 667 de
824 646 886 677 quo
916 635 1096 666 accuratius
1126 633 1238 666 dicam.
1281 633 1427 665 adhibuit
1457 644 1530 664 eum

249 689 366 721 Daniel
391 690 431 722 ad
456 701 492 721 ea
517 701 598 731 quae
628 701 644 720 e
675 689 871 721 Floriacensi
897 689 1114 729 exscripserat
1139 687 1344 719 emendanda.
1387 687 1530 719 continet

249 744 347 775 codex
381 745 414 775 in
449 743 581 776 CCXIX
614 743 810 775 membranis
850 743 972 775 formae
1009 742 1183 784 quadratae
1216 741 1355 783 Vergilii
1388 741 1530 773 carmina

250 798 393 839 (praeter
418 798 496 829 Aen.
520 797 584 829 XII
608 796 799 839 919—952)
827 807 913 828 nono
939 796 1066 827 saeculo
1093 795 1227 836 scripta,
1257 795 1371 836 quibus
1396 794 1530 836 decimo,

250 853 285 882 ut
308 852 447 893 videtur,
479 852 607 883 saeculo
638 851 746 892 plures
775 850 922 882 homines
952 850 984 881 in
1015 849 1217 891 marginibus
1247 851 1279 880 et
1309 849 1393 879 inter
1417 852 1537 879 versus

250 905 375 937 scholia
400 905 649 946 adscripserunt.
694 906 853 936 extremae
883 904 1066 946 marginum
1091 904 1217 944 partes,
1245 902 1384 933 maxime
1409 913 1428 933 a
1450 901 1529 933 folio

250 958 365 990 CCXII
395 957 487 1000 (Aen.
517 957 580 989 XII
609 957 688 999 435)
720 968 829 989 umore
862 958 1032 997 corruptae
1063 958 1152 988 sunt:
1182 955 1266 997 quod
1295 955 1446 986 damnum
1477 954 1531 996 qui

250 1012 463 1044 membraneis
504 1012 682 1053 segmentis
722 1011 935 1052 adglutinatis
975 1010 1095 1042 sarcire
1133 1009 1242 1042 conati
1281 1011 1356 1041 sunt
1388 1009 1530 1049 aliquam

249 1066 447 1098 scholiorum
472 1068 597 1107 partem
623 1065 873 1097 occultaverunt.
918 1075 999 1106 quae
1020 1064 1059 1095 ad
1079 1064 1228 1095 bucolica
1254 1065 1286 1094 et
1310 1062 1461 1105 georgica
1481 1061 1532 1093 ad-

249 1121 370 1161 scripta
400 1123 475 1151 sunt
500 1119 636 1160 Hageno
662 1119 824 1159 relinquo:
854 1118 1028 1149 Aeneidem
1054 1119 1208 1159 quattuor
1231 1117 1281 1148 vel
1311 1116 1451 1157 quinque
1473 1115 1531 1146 ho-

250 1175 351 1205 mines
391 1174 644 1214 adnotaverunt,
678 1184 757 1214 quos
796 1172 890 1204 facile
927 1172 1131 1213 intellegitur
1163 1182 1227 1202 non
1261 1180 1331 1201 esse
1365 1169 1399 1200 in
1432 1169 1529 1200 libra-

249 1228 371 1259 riorum
395 1239 530 1269 numero
546 1227 720 1258 habendos.
764 1237 801 1257 ex
822 1225 872 1257 his
899 1237 979 1257 1111115
1000 1236 1065 1257 11011
1085 1225 1188 1256 50111111
1218 1235 1314 1255 manu
1344 1222 1399 1254 sed
1428 1222 1525 1253 etiam

250 1282 329 1312 satis
354 1281 515 1323 frequenti
540 1281 789 1312 Tironianarum
819 1291 899 1321 quae
930 1281 1089 1310 vocantur
1113 1280 1261 1309 notarum
1286 1288 1345 1308 usu
1371 1288 1389 1307 a
1413 1275 1528 1307 ceteris

249 1335 343 1366 facilc
374 1335 582 1375 dignoscitur.
621 1334 746 1375 inspexi
779 1344 859 1375 quae
891 1333 931 1364 ab
964 1343 1001 1364 eo
1033 1332 1186 1363 adnotata
1220 1333 1295 1362 sunt
1323 1332 1419 1371 atque
1450 1328 1529 1359 satis

250 1389 351 1419 multa
381 1388 535 1429 descripsi
565 1390 597 1419 et
625 1387 766 1428 depinxi,
796 1386 849 1418 sed
885 1387 917 1417 in
947 1384 1180 1417 commentario
1209 1384 1320 1416 critic'o
1350 1383 1431 1414 nihil
1459 1382 1526 1413 fere

249 1453 359 1473 corum
385 1441 648 1473 commemoravi:
682 1442 832 1472 notarum
863 1439 948 1470 enim
978 1439 1202 1480 interpretatio
1231 1449 1295 1469 non
1320 1436 1399 1468 adeo
1424 1445 1528 1467 succe-

249 1495 359 1536 debat,
384 1498 419 1526 ut
444 1495 552 1527 omnia
578 1494 824 1536 explicarentur.
867 1493 946 1524 illud
971 1495 1080 1524 tamen
1106 1491 1216 1523 videor
1241 1491 1402 1522 affirmare
1426 1499 1531 1530 posse,

251 1550 392 1590 pleniore
417 1549 649 1580 commentario
675 1548 767 1579 illum
796 1547 959 1578 hominem
988 1557 1053 1577 11011
1085 1557 1154 1577 esse
1183 1556 1290 1585 usum,
1319 1545 1432 1575 contra
1460 1540 1529 1572 Ser-

252 1603 345 1635 viana
375 1603 496 1635 scholia
525 1603 565 1634 ab
600 1613 636 1632 eo
669 1612 764 1642 saepe
796 1599 944 1631 adhibita
976 1611 1044 1631 csse
1076 1601 1108 1630 et
1138 1599 1185 1630 ita
1216 1598 1358 1640 quidem,
1390 1598 1425 1627 ut
1450 1594 1530 1626 satis

250 1657 349 1688 libere
383 1655 662 1697 inmutarentur.¹)
715 1654 840 1695 reliqua
877 1664 958 1694 quae
997 1653 1051 1684 ille
1090 1652 1262 1694 adscripsit
1293 1653 1362 1682 tam
1397 1649 1530 1690 exiguae

323 1795 347 1827 1)
368 1794 488 1828 exempli
508 1802 592 1820 causa
611 1793 745 1819 Serviana
764 1791 902 1825 quaedam
922 1790 956 1816 ab
981 1789 1030 1816 illo
1049 1789 1188 1816 inmutata
1213 1787 1286 1814 infra
1311 1785 1416 1820 scripsi.
1449 1786 1530 1812 nota-

249 1842 309 1859 rum
330 1833 398 1860 locis
418 1835 523 1867 puncta
541 1834 630 1867 posui.
664 1833 700 1859 ad
724 1832 792 1858 Aen.
818 1830 856 1856 Ill
877 1834 909 1857 96
935 1829 1021 1863 igitur
1046 1829 1116 1856 haec
1135 1829 1271 1855 adnotata
1296 1827 1361 1852 sunt
1386 1825 1530 1851 ‘Tractum

250 1875 292 1899 cst
308 1896 313 1901 .
334 1875 367 1900 (10
390 1873 508 1900 historia
524 1874 583 1900 Duo
604 1874 704 1899 fratres
721 1893 726 1898 .
747 1871 793 1905 qui
815 1879 877 1897 cum
893 1869 1051 1903 coepissent
1070 1868 1144 1895 inter
1163 1878 1192 1894 se
1212 1868 1245 1894 de
1261 1874 1347 1901 regno
1364 1865 1530 1892 contendere

250 1913 397 1939 audierunt
426 1923 458 1940 cx
483 1914 595 1939 oraculo
621 1912 695 1946 quod
722 1911 769 1938 illc
795 1912 869 1937 esset
892 1912 1058 1943 regnaturus
1089 1908 1137 1942 qui
1162 1909 1311 1942 postquam
1339 1905 1467 1933 venirent
1494 1904 1530 1930 ad

250 1963 327 1979 suum
347 1955 449 1979 terrain
469 1954 589 1988 primuni
610 1952 781 1978 oscularetur
800 1951 926 1976 matrem.
962 1949 1035 1982 quod
1063 1957 1133 1974 unus
1157 1947 1297 1974 intellexit
1316 1946 1388 1972 alter
1406 1953 1461 1971 non
1481 1943 1529 1970 sed

250 2003 334 2020 011111.
356 1994 390 2019 ad
416 1996 518 2020 terram
545 2002 623 2019 suain
648 1992 791 2018 venissent
820 1990 868 2016 ille
894 1989 941 2023 qui
966 1987 1106 2015 intellexit
1129 1987 1260 2014 simulato
1286 1994 1352 2012 casu
1377 1983 1478 2012 cecidit
1501 1983 1529 2009 in

250 2035 351 2059 tvm-am
373 2036 401 2059 vt
421 2034 562 2060 osculatus
584 2035 627 2059 est
647 2041 708 2058 eam
729 2034 757 2058 ct
773 2030 914 2064 ‚aes—epit.
931 2031 1003 2057 alter
1022 2038 1088 2056 vero
1104 2030 1222 2055 matrem
1237 2035 1314 2054 suam
1331 2025 1472 2053 osculatus
1487 2024 1530 2049 est

249 2076 351 2108 putans
368 2096 372 2101 .
392 2095 396 2098 .
415 2095 419 2100 .
437 2095 441 2100 .
459 2096 463 2101 .
481 2074 587 2101 dictum
606 2073 713 2100 fuisse'.
752 2072 786 2097 ad
807 2072 844 2097 Ill
868 2074 916 2097 128
939 2069 1086 2096 ‘Nauticus
1107 2069 1213 2094 clamor
1232 2067 1260 2093 id
1277 2068 1319 2093 est
1334 2066 1459 2092 celeuma
1480 2063 1527 2089 Ce-

250 2114 342 2140 10011111
362 2134 367 2139 .
385 2136 389 2140 .
408 2136 412 2140 .
435 2114 531 2139 navale
553 2116 583 2140 ut
603 2113 712 2139 vincalo
733 2111 799 2145 quia
823 2113 924 2137 nautae
945 2111 1073 2136 ertantur
1097 2118 1125 2135 sc
1150 2107 1270 2135 invicem
1294 2105 1458 2139 navigantes
1479 2103 1528 2130 Ce-

251 2153 335 2180 10115111
356 2162 454 2187 graecu
475 2154 577 2180 ortatio
594 2176 599 2182 ,
621 2153 746 2179 celeuma
771 2151 814 2178 Fit
834 2153 926 2177 autem
953 2150 1099 2176 celeuma.
1116 2146 1278 2182 anapestico
1303 2147 1391 2172 metro
1411 2143 1483 2170 unde
1503 2144 1531 2169 et

250 2192 427 2228 anapesticus
453 2197 496 2220 cst
523 2194 575 2220 iste
600 2202 695 2220 versus
713 2214 717 2219 .
734 2192 761 2218 in
787 2192 840 2217 fine
856 2213 861 2218 .
878 2192 1042 2224 anapestum
1067 2188 1115 2223 qui
1136 2211 1141 2215 .
1163 2196 1195 2214 ex
1221 2186 1325 2213 duabus
1348 2183 1478 2210 brevibus
1504 2185 1533 2209 ct

252 2235 336 2267 longa
364 2233 404 2259 ita
428 2242 562 2267 proavos-³,
592 2243 644 2266 quc
670 2234 746 2266 peta,
774 2231 857 2257 inus’.
896 2231 930 2256 ad
951 2231 988 2256 lll
1009 2233 1060 2256 4⁶20
1091 2228 1198 2263 ‘Scylla
1226 2225 1375 2253 secundum
1404 2223 1527 2250 fabulam

250 2274 346 2308 puella
365 2273 418 2299 fuit
434 2295 439 2300 .
456 2282 517 2299 cuni
538 2273 661 2299 venisset
681 2272 714 2298 ad
735 2272 839 2298 sonte-m
861 2270 999 2304 quendam
1015 2276 1121 2296 veneno
1142 2267 1275 2293 infectum
1296 2263 1398 2291 eccidit
1417 2263 1445 2289 111
1465 2271 1527 2289 011111

251 2316 278 2340 ct
299 2315 371 2348 pub-¹
391 2315 471 2340 tonus
493 2313 519 2338 in
541 2312 651 2339 diversa
668 2313 791 2338 monstra
808 2320 887 2338 versa
906 2311 949 2337 est
964 2318 1034 2344 quae
1049 2317 1104 2335 non
1119 2308 1210 2334 ferens
1230 2313 1306 2332 suam
1326 2302 1528 2337 turpitudinem

251 2354 369 2388 proiecit
389 2364 417 2379 sc
439 2353 465 2379 in
486 2362 559 2379 111111(-
581 2354 607 2378 vt
629 2352 666 2377 ihi
688 2353 764 2378 locus
785 2350 1037 2386 periculosissimus
1053 2348 1150 2375 facta’.
1188 2346 1223 2372 ad
1244 2345 1280 2371 Ill
1297 2348 1347 2371 (336
1369 2343 1461 2375 ‘Quod
1482 2342 1526 2369 hic
