1690 2611
600 562 745 595 SERVII
769 562 1046 595 GRAMMATICI

267 649 323 690 IN
355 649 590 691 VERGILII
622 648 883 690 AENEIDOS
915 648 1120 691 LIBRVM
1153 647 1382 698 QVINTVM

614 746 1034 789 COMMENTARIVS.

281 905 307 935 l.
345 912 496 935 INTEREA
530 903 605 934 dum
640 904 735 935 fletur
768 906 824 935 aut
853 903 1008 945 sepelitur
1034 903 1131 935 Dido:
1169 905 1201 934 et
1229 903 1290 935 hoc
1320 913 1467 934 sermone

189 957 317 999 librum,
340 959 376 989 ut
400 957 491 998 solet,
516 957 735 998 superioribus
760 957 875 989 iunxit.
918 957 1007 988 cuius
1039 968 1114 997 pars
1139 957 1241 988 maior
1266 968 1303 988 ex
1326 956 1467 988 Homero

189 1013 318 1051 sumpta
346 1013 408 1042 est:
439 1022 515 1042 nam
547 1011 655 1042 omnia
687 1021 768 1052 quae
797 1011 849 1042 hic
889 1012 1133 1050 commemorat,
1164 1010 1355 1041 exhibentur
1385 1011 1469 1041 circa

188 1064 347 1095 tumulum
371 1064 523 1105 Patrocli,
549 1065 611 1096 nisi
636 1064 720 1105 quod
744 1064 812 1096 illic
835 1064 944 1096 curule
979 1066 1156 1104 exercetur,
1183 1064 1234 1095 hic
1263 1064 1375 1095 navale
1404 1074 1469 1094 cer-

189 1120 305 1149 tamen.
353 1129 428 1148 sane
453 1117 706 1159 intellegendum
739 1129 804 1149 non
835 1117 980 1158 potuisse
1006 1117 1089 1157 fieri,
1119 1119 1154 1148 ut
1178 1128 1255 1158 una,
1284 1128 1343 1148 nec
1373 1116 1470 1157 plena

189 1171 239 1202 die
263 1171 389 1202 Aeneas
414 1171 454 1202 ad
479 1169 622 1203 Siciliam
646 1172 844 1211 perveniret:
869 1171 951 1203 unde
977 1171 1197 1212 accipiendum
1222 1172 1286 1211 est,
1312 1171 1394 1202 sicut
1419 1181 1469 1201 su-

189 1235 248 1265 pra
271 1224 418 1265 legimus,
443 1224 526 1265 quod
552 1224 636 1256 cirea
659 1224 799 1265 primum
825 1227 931 1256 ortum
952 1224 1031 1255 lucis
1051 1223 1228 1265 navigavit,
1247 1226 1283 1254 ut
1302 1222 1368 1263 <IV
1384 1223 1469 1263 586>

189 1278 326 1320 regina
363 1289 379 1309 e
413 1278 587 1319 speculis
621 1280 661 1309 ut
698 1278 862 1319 primum
899 1278 1100 1309 albescere
1138 1277 1260 1308 lucem
1298 1276 1395 1308 vidit
1434 1279 1470 1307 et

190 1331 367 1373 aequatis
393 1331 558 1363 classem
582 1332 793 1373 procedere
818 1332 928 1363 velis.
975 1342 1051 1373 ergo
1076 1333 1146 1362 tota
1166 1331 1216 1362 die
1236 1330 1311 1361 (111111
1332 1341 1365 1361 se
1385 1329 1468 1361 Dido

189 1385 360 1426 interimit,
391 1384 465 1416 dum
497 1385 605 1426 fletur,
635 1385 804 1426 paululum
837 1387 1007 1426 provectus
1037 1387 1100 1425 est,
1131 1384 1246 1415 leniter
1271 1383 1469 1425 spirantibus

191 1438 306 1480 ventis,
331 1441 362 1469 et
385 1438 532 1469 flammas
556 1439 628 1480 rogi
653 1439 737 1470 circa
765 1450 932 1480 vesperam
961 1438 1056 1479 vidit,
1088 1449 1150 1479 quo
1179 1440 1324 1478 tempore
1355 1440 1386 1468 et
1414 1447 1470 1477 per

190 1494 341 1523 naturam
369 1491 478 1533 ignem
508 1492 615 1523 videre
644 1492 765 1534 potuit,
798 1495 830 1524 et
858 1503 914 1533 per
943 1492 1117 1533 pristinum
1151 1502 1287 1532 morem,
1322 1501 1383 1532 quo
1412 1501 1470 1531 per

191 1545 275 1576 diem
299 1545 454 1576 cadavera
482 1556 547 1576 non
574 1545 836 1577 incendebantur.
888 1545 1002 1577 deinde
1031 1548 1101 1576 tota
1130 1545 1288 1586 navigans
1316 1545 1409 1575 nocte
1438 1546 1470 1575 et

192 1599 324 1630 alterius
349 1598 412 1630 diei
435 1601 526 1640 parte
550 1599 591 1630 ad
617 1598 761 1631 Siciliam
785 1599 881 1630 venit.
972 1607 1109 1630 MEDIVM
1139 1600 1194 1629 aut
1224 1597 1397 1629 ‘medium’
1422 1599 1471 1628 est

192 1651 343 1693 quicquid
367 1663 386 1683 a
403 1652 563 1693 principio
583 1652 703 1684 recedit
723 1654 755 1683 et
773 1652 910 1684 necdum
929 1653 1026 1683 finem
1046 1652 1195 1683 sortitur:
1220 1654 1276 1682 aut
1300 1649 1469 1682 ‘medium'

191 1705 238 1737 sic
262 1705 377 1746 altum,
408 1707 444 1736 ut
475 1705 615 1736 medium
648 1708 796 1746 putares,
829 1708 865 1737 ut
898 1705 966 1745 <III
998 1705 1082 1746 664>
1117 1704 1371 1747 graditurque
1404 1714 1470 1745 per

194 1769 335 1800 aequor
359 1759 432 1789 iam
456 1758 640 1790 medium:
664 1770 741 1790 nam
765 1770 838 1790 vere
867 1758 1040 1790 ‘medium'
1071 1759 1218 1800 sequenti
1246 1758 1369 1789 indicat
1397 1757 1468 1788 1000

193 1812 254 1852 <8>
280 1811 333 1843 ‘ut
355 1812 491 1854 pelagus
516 1815 646 1844 tenuere
670 1816 757 1844 rates
781 1824 839 1844 nec
863 1813 928 1844 iam
953 1813 1092 1853 amplius
1112 1812 1179 1844 ulla
1199 1812 1338 1843 occurrit
1357 1811 1469 1842 tellus:

193 1866 296 1896 maria
314 1866 447 1905 undique
465 1876 488 1897 e.
503 1876 532 1897 u.
547 1865 582 1897 οἶ
602 1876 675 1898 sane
693 1867 818 1907 speciem
833 1878 892 1907 pro
908 1877 1015 1907 glomere
1032 1867 1153 1906 posuit:
1177 1876 1252 1897 nam
1271 1875 1356 1896 mare
1374 1864 1470 1904 siqni-

192 1918 265 1958 βοαί
288 1918 423 1950 ‘·marz'a’.
502 1933 634 1952 nmen
654 1921 776 1951 nautico
799 1930 873 1952 usus
896 1923 939 1951 est
961 1920 1061 1960 verbo,
1084 1922 1119 1950 ‘zet
1142 1918 1209 1959 <IV
1232 1919 1297 1959 46>
1322 1918 1468 1950 Iliacas

194 1974 295 2002 vento
320 1972 480 2004 tenuisse
502 1973 655 2004 carinas
677 1976 705 2004 et
727 1972 796 2013 <111
817 1974 903 2013 686>
928 1974 967 2004 nt
990 1975 1141 2004 teneant
1162 1982 1300 2004 cursus.

283 2025 312 2056 2.
350 2033 481 2057 CERTVS
511 2027 566 2056 aut
593 2025 852 2057 indubitabiliter
879 2037 1031 2068 pergens,
1057 2026 1091 2057 id
1118 2028 1162 2058 est
1188 2026 1309 2057 ‘itineris
1336 2026 1386 2057 sni
1409 2035 1469 2057 cer-

269 2108 280 2130 1
302 2103 362 2138 aut]
384 2104 412 2129 et
431 2103 503 2137 0112
523 2103 615 2137 iungit
635 2104 670 2129 Μ
683 2105 691 2137 Ι]
711 2107 727 2130 4
747 2104 854 2131 currule
874 2104 900 2130 L
914 2106 923 2138 ΙΙ
938 2104 1092 2139 exercetur]
1112 2106 1207 2131 tamen
1226 2105 1289 2130 add.
1310 2104 1339 2130 F
1351 2105 1360 2137 ss
1380 2107 1393 2129 ’ἲ
1414 2103 1469 2137 pri—

194 2148 270 2166 mum
290 2147 338 2166 om.
355 2139 384 2165 F
390 2140 411 2165 C
424 2140 433 2173 ΙΙ
449 2142 480 2165 10
499 2139 635 2165 interimit
653 2139 713 2165 XL
722 2140 769 2165 M:
788 2139 931 2166 interemit
950 2140 980 2166 F
985 2140 1007 2166 0
1033 2139 1156 2166 interimi
1175 2141 1203 2166 et
1222 2140 1254 2166 H
1265 2141 1274 2174 ΙΙ
1288 2139 1398 2173 leniter]
1419 2147 1468 2172 pa-

196 2175 296 2201 lenites
317 2175 352 2200 M
371 2176 401 2207 (1.
421 2174 521 2201 leniter
539 2183 672 2208 superscr.
693 2176 728 2208 m)
747 2176 756 2209 ΙΙ
782 2178 812 2201 11
834 2177 862 2201 et
881 2184 930 2209 pei·
948 2176 1077 2202 naturam
1097 2183 1145 2202 om.
1167 2176 1190 2202 C
1205 2177 1214 2210 l}
1239 2179 1270 2201 12
1292 2177 1319 2201 et
1339 2184 1388 2201 om.
1407 2174 1468 2200 NL

195 2211 270 2244 (add.
291 2211 309 2243 l)
323 2212 332 2244 ΙΙ
351 2210 498 2244 pristinam
519 2212 636 2236 mortem
656 2210 688 2236 N
704 2212 783 2244 (corr.
803 2212 833 2244 n)
852 2213 861 2244 ll
881 2211 948 2245 quo]
969 2212 1042 2244 quod
1063 2212 1099 2237 M
1116 2213 1125 2245 ΙΙ
1146 2214 1178 2237 14
1197 2210 1327 2245 peruenit
1346 2211 1380 2236 Μ
1400 2211 1409 2244 ΙΙ
1429 2213 1470 2236 est

197 2267 202 2272 .
223 2267 228 2272 .
250 2268 254 2273 .
276 2248 324 2272 aut
343 2246 464 2272 medium
485 2254 534 2272 om.
557 2245 579 2272 G
594 2247 603 2279 ΙΙ
625 2249 654 2272 17
674 2254 739 2272 nam
758 2254 821 2272 vere
840 2247 963 2272 medium
981 2255 1030 2273 om.
1051 2246 1118 2278 FC,
1138 2255 1202 2273 vere
1223 2246 1345 2273 medium
1364 2254 1413 2272 om.
1435 2246 1471 2271 M

196 2282 270 2315 (add.
290 2285 326 2314 m)
349 2283 357 2315 ΙΙ
380 2282 453 2316 1000]
476 2281 504 2307 id
524 2284 566 2307 est
585 2282 647 2307 add.
670 2282 705 2307 Μ
728 2283 737 2315 ΙΙ
762 2282 793 2308 19
813 2281 901 2308 maria
920 2292 946 2308 u.
966 2292 989 2308 e.
1008 2291 1034 2308 11.
1055 2291 1077 2310 c.
1097 2283 1157 2309 hab.
1175 2283 1203 2315 C,
1223 2291 1271 2315 om.
1288 2282 1324 2313 F,
1344 2282 1392 2315 qui
1408 2284 1470 2314 post

196 2317 285 2343 maria
303 2318 407 2344 eoehibet
426 2320 455 2343 et
473 2317 580 2350 reliqua
598 2318 607 2350 11
631 2319 664 2342 20
684 2318 720 2343 (ΠΙ
739 2317 854 2344 tenebat
871 2326 946 2352 supr.
968 2326 1032 2345 vers.
1053 2326 1115 2344 cum
1134 2317 1202 2344 dicit
1221 2317 1336 2345 tenebat
1356 2316 1469 2343 nautico

197 2352 282 2378 uerbo
302 2362 366 2379 usus
388 2353 413 2378 T
430 2354 439 2386 Η
460 2356 492 2378 21
513 2353 622 2379 niteant
641 2352 670 2378 F

250 2402 323 2420 Servii
338 2408 416 2423 comm,
433 2402 483 2421 Vol,
499 2403 515 2421 I.
532 2402 595 2421 13350>
610 2402 640 2420 II.
1225 2401 1256 2423 38

1489 1123 1503 1145 5

1492 1391 1523 1413 10

1491 1659 1522 1681 15

1488 1926 1521 1949 ΞΟ
