<?xml version="1.0" encoding="UTF-8"?>
<!DOCTYPE html PUBLIC "-//W3C//DTD XHTML 1.0 Transitional//EN"
    "http://www.w3.org/TR/xhtml1/DTD/xhtml1-transitional.dtd">
<html xmlns="http://www.w3.org/1999/xhtml" xml:lang="en" lang="en">
 <head>
  <title>
</title>
<meta http-equiv="Content-Type" content="text/html;charset=utf-8" />
  <meta name='ocr-system' content='tesseract 3.04.00' />
  <meta name='ocr-capabilities' content='ocr_page ocr_carea ocr_par ocr_line ocrx_word'/>
</head>
<body>
  <div class='ocr_page' id='page_1' title='image "./serviigrammatici01bons_0291.png"; bbox 0 0 1690 2611; ppageno 0'>
   <div class='ocr_carea' id='block_1_1' title="bbox 521 110 1466 142">
    <p class='ocr_par' dir='ltr' id='par_1_1' title="bbox 521 110 1466 142">
     <span class='ocr_line' id='line_1_1' title="bbox 521 110 1466 142; baseline -0.001 -5"><span class='ocrx_word' id='word_1_1' title='bbox 521 111 632 138; x_wconf 84' lang='lat' dir='ltr'>COMM.</span> <span class='ocrx_word' id='word_1_2' title='bbox 652 111 691 137; x_wconf 78' lang='grc' dir='ltr'>ΙΝ</span> <span class='ocrx_word' id='word_1_3' title='bbox 713 110 818 136; x_wconf 71' lang='lat' dir='ltr'>vaae.</span> <span class='ocrx_word' id='word_1_4' title='bbox 839 111 922 136; x_wconf 84' lang='lat' dir='ltr'>AEN.</span> <span class='ocrx_word' id='word_1_5' title='bbox 943 111 963 137; x_wconf 81' lang='grc'>1.</span> <span class='ocrx_word' id='word_1_6' title='bbox 985 114 1133 137; x_wconf 71' lang='lat'>652-661.</span> <span class='ocrx_word' id='word_1_7' title='bbox 1406 111 1466 142; x_wconf 82' lang='lat'>189</span> 
     </span>
    </p>
   </div>
   <div class='ocr_carea' id='block_1_2' title="bbox 181 192 1519 1626">
    <p class='ocr_par' dir='ltr' id='par_1_2' title="bbox 187 192 1467 331">
     <span class='ocr_line' id='line_1_2' title="bbox 187 192 1467 234; baseline -0.001 -10"><span class='ocrx_word' id='word_1_8' title='bbox 187 193 311 234; x_wconf 82' lang='lat' dir='ltr'>dicunt,</span> <span class='ocrx_word' id='word_1_9' title='bbox 335 195 371 224; x_wconf 88' lang='lat' dir='ltr'>ut</span> <span class='ocrx_word' id='word_1_10' title='bbox 388 193 551 224; x_wconf 86' lang='lat' dir='ltr'>Iuvenalis</span> <span class='ocrx_word' id='word_1_11' title='bbox 577 195 775 233; x_wconf 86' lang='lat' dir='ltr'>segmenta</span> <span class='ocrx_word' id='word_1_12' title='bbox 801 193 838 222; x_wconf 87' lang='lat' dir='ltr'>et</span> <span class='ocrx_word' id='word_1_13' title='bbox 861 192 999 232; x_wconf 82' lang='lat' dir='ltr'>longos</span> <span class='ocrx_word' id='word_1_14' title='bbox 1023 192 1197 231; x_wconf 76' lang='lat' dir='ltr'>habitus,</span> <span class='ocrx_word' id='word_1_15' title='bbox 1221 192 1297 224; x_wconf 85' lang='lat' dir='ltr'>licet</span> <span class='ocrx_word' id='word_1_16' title='bbox 1323 203 1467 233; x_wconf 87' lang='lat' dir='ltr'>segmen-</span> 
     </span>
     <span class='ocr_line' id='line_1_3' title="bbox 187 245 1466 290; baseline -0.001 -13"><span class='ocrx_word' id='word_1_17' title='bbox 187 248 272 278; x_wconf 89' lang='lat' dir='ltr'>tatas</span> <span class='ocrx_word' id='word_1_18' title='bbox 300 248 405 277; x_wconf 86' lang='lat' dir='ltr'>vestes</span> <span class='ocrx_word' id='word_1_19' title='bbox 435 246 591 290; x_wconf 83' lang='lat' dir='ltr'>dicamus,</span> <span class='ocrx_word' id='word_1_20' title='bbox 621 248 657 277; x_wconf 89' lang='lat' dir='ltr'>ut</span> <span class='ocrx_word' id='word_1_21' title='bbox 685 245 754 286; x_wconf 89' lang='lat' dir='ltr'>ipse</span> <span class='ocrx_word' id='word_1_22' title='bbox 786 247 821 276; x_wconf 87' lang='lat' dir='ltr'>et</span> <span class='ocrx_word' id='word_1_23' title='bbox 852 245 1107 286; x_wconf 76' lang='lat' dir='ltr'>segmentatis</span> <span class='ocrx_word' id='word_1_24' title='bbox 1142 245 1351 277; x_wconf 71' lang='lat' dir='ltr'>dormisset</span> <span class='ocrx_word' id='word_1_25' title='bbox 1383 257 1466 286; x_wconf 86' lang='lat' dir='ltr'>par-</span> 
     </span>
     <span class='ocr_line' id='line_1_4' title="bbox 187 299 417 331; baseline 0 0"><span class='ocrx_word' id='word_1_26' title='bbox 187 300 278 331; x_wconf 89' lang='lat' dir='ltr'>vula</span> <span class='ocrx_word' id='word_1_27' title='bbox 301 299 417 331; x_wconf 82' lang='lat' dir='ltr'>cunis.</span> 
     </span>
    </p>

    <p class='ocr_par' dir='ltr' id='par_1_3' title="bbox 183 352 1519 819">
     <span class='ocr_line' id='line_1_5' title="bbox 277 352 1467 393; baseline -0.001 -8"><span class='ocrx_word' id='word_1_28' title='bbox 277 353 351 385; x_wconf 81' lang='lat'>655.</span> <span class='ocrx_word' id='word_1_29' title='bbox 387 362 550 384; x_wconf 81' lang='lat' dir='ltr'>BACATVM</span> <span class='ocrx_word' id='word_1_30' title='bbox 583 354 733 384; x_wconf 85' lang='lat' dir='ltr'>ornatum</span> <span class='ocrx_word' id='word_1_31' title='bbox 766 352 960 393; x_wconf 78' lang='lat' dir='ltr'>margaritis.</span> <span class='ocrx_word' id='word_1_32' title='bbox 1014 352 1149 382; x_wconf 80' lang='lat' dir='ltr'>dicimus</span> <span class='ocrx_word' id='word_1_33' title='bbox 1183 354 1290 382; x_wconf 82' lang='lat' dir='ltr'>autem</span> <span class='ocrx_word' id='word_1_34' title='bbox 1324 355 1355 384; x_wconf 90' lang='lat' dir='ltr'>et</span> <span class='ocrx_word' id='word_1_35' title='bbox 1388 353 1467 384; x_wconf 89' lang='lat' dir='ltr'>haec</span> 
     </span>
     <span class='ocr_line' id='line_1_6' title="bbox 187 405 1501 447; baseline -0.001 -9"><span class='ocrx_word' id='word_1_36' title='bbox 187 407 365 447; x_wconf 76' lang='lat' dir='ltr'>margarita</span> <span class='ocrx_word' id='word_1_37' title='bbox 390 409 421 438; x_wconf 89' lang='lat' dir='ltr'>et</span> <span class='ocrx_word' id='word_1_38' title='bbox 445 406 506 438; x_wconf 85' lang='lat' dir='ltr'>hoc</span> <span class='ocrx_word' id='word_1_39' title='bbox 530 406 743 446; x_wconf 77' lang='lat' dir='ltr'>margaritum</span> <span class='ocrx_word' id='word_1_40' title='bbox 769 407 801 437; x_wconf 90' lang='lat' dir='ltr'>et</span> <span class='ocrx_word' id='word_1_41' title='bbox 824 405 903 436; x_wconf 89' lang='lat' dir='ltr'>haec</span> <span class='ocrx_word' id='word_1_42' title='bbox 928 406 1102 446; x_wconf 78' lang='lat' dir='ltr'>margaris,</span> <span class='ocrx_word' id='word_1_43' title='bbox 1126 405 1211 446; x_wconf 85' lang='lat' dir='ltr'>quod</span> <span class='ocrx_word' id='word_1_44' title='bbox 1227 405 1383 437; x_wconf 79' lang='lat' dir='ltr'>Graecum</span> <span class='ocrx_word' id='word_1_45' title='bbox 1410 409 1467 447; x_wconf 78' lang='lat' dir='ltr'>est,</span> <span class='ocrx_word' id='word_1_46' title='bbox 1486 411 1501 433; x_wconf 72' lang='grc' dir='ltr'><em>ὓ</em></span> 
     </span>
     <span class='ocr_line' id='line_1_7' title="bbox 187 459 1466 501; baseline -0.001 -10"><span class='ocrx_word' id='word_1_47' title='bbox 187 471 249 501; x_wconf 90' lang='lat' dir='ltr'>quo</span> <span class='ocrx_word' id='word_1_48' title='bbox 274 460 369 492; x_wconf 90' lang='lat' dir='ltr'>modo</span> <span class='ocrx_word' id='word_1_49' title='bbox 394 459 483 491; x_wconf 84' lang='lat' dir='ltr'>Nais.</span> <span class='ocrx_word' id='word_1_50' title='bbox 521 470 597 491; x_wconf 87' lang='lat' dir='ltr'>sane</span> <span class='ocrx_word' id='word_1_51' title='bbox 621 459 716 490; x_wconf 89' lang='lat' dir='ltr'>multi</span> <span class='ocrx_word' id='word_1_52' title='bbox 742 461 894 500; x_wconf 86' lang='lat' dir='ltr'>separant</span> <span class='ocrx_word' id='word_1_53' title='bbox 918 469 1079 500; x_wconf 82' lang='lat' dir='ltr'>gemmam</span> <span class='ocrx_word' id='word_1_54' title='bbox 1104 470 1122 489; x_wconf 87' lang='lat' dir='ltr'>a</span> <span class='ocrx_word' id='word_1_55' title='bbox 1146 460 1338 500; x_wconf 84' lang='lat' dir='ltr'>margarita,</span> <span class='ocrx_word' id='word_1_56' title='bbox 1362 462 1398 490; x_wconf 90' lang='lat' dir='ltr'>ut</span> <span class='ocrx_word' id='word_1_57' title='bbox 1418 459 1466 491; x_wconf 87' lang='lat' dir='ltr'>Ci-</span> 
     </span>
     <span class='ocr_line' id='line_1_8' title="bbox 187 512 1466 554; baseline -0.002 -9"><span class='ocrx_word' id='word_1_58' title='bbox 187 524 258 545; x_wconf 84' lang='lat' dir='ltr'>cero</span> <span class='ocrx_word' id='word_1_59' title='bbox 283 514 429 545; x_wconf 88' lang='lat' dir='ltr'>nullam</span> <span class='ocrx_word' id='word_1_60' title='bbox 453 523 637 554; x_wconf 87' lang='lat' dir='ltr'>gemmam</span> <span class='ocrx_word' id='word_1_61' title='bbox 661 515 727 544; x_wconf 83' lang='lat' dir='ltr'>aut</span> <span class='ocrx_word' id='word_1_62' title='bbox 751 512 1017 554; x_wconf 77' lang='lat' dir='ltr'>margaritam,</span> <span class='ocrx_word' id='word_1_63' title='bbox 1041 514 1074 543; x_wconf 89' lang='lat' dir='ltr'>et</span> <span class='ocrx_word' id='word_1_64' title='bbox 1098 522 1243 553; x_wconf 85' lang='lat' dir='ltr'>gemmas</span> <span class='ocrx_word' id='word_1_65' title='bbox 1268 513 1380 543; x_wconf 86' lang='lat' dir='ltr'>volunt</span> <span class='ocrx_word' id='word_1_66' title='bbox 1404 513 1466 544; x_wconf 87' lang='lat' dir='ltr'>dici</span> 
     </span>
     <span class='ocr_line' id='line_1_9' title="bbox 185 566 1465 607; baseline -0.001 -9"><span class='ocrx_word' id='word_1_67' title='bbox 185 567 303 598; x_wconf 85' lang='lat' dir='ltr'>diversi</span> <span class='ocrx_word' id='word_1_68' title='bbox 328 567 459 607; x_wconf 87' lang='lat' dir='ltr'>coloris,</span> <span class='ocrx_word' id='word_1_69' title='bbox 488 566 682 607; x_wconf 72' lang='lat' dir='ltr'>margaritas</span> <span class='ocrx_word' id='word_1_70' title='bbox 707 577 781 597; x_wconf 88' lang='lat' dir='ltr'>vero</span> <span class='ocrx_word' id='word_1_71' title='bbox 813 566 917 606; x_wconf 81' lang='lat' dir='ltr'>albas3</span> <span class='ocrx_word' id='word_1_72' title='bbox 946 566 996 597; x_wconf 86' lang='lat' dir='ltr'>vel</span> <span class='ocrx_word' id='word_1_73' title='bbox 1026 576 1170 606; x_wconf 88' lang='lat' dir='ltr'>gemmas</span> <span class='ocrx_word' id='word_1_74' title='bbox 1196 566 1354 607; x_wconf 75' lang='lat' dir='ltr'>integras,</span> <span class='ocrx_word' id='word_1_75' title='bbox 1383 578 1465 597; x_wconf 90' lang='lat' dir='ltr'>mar-</span> 
     </span>
     <span class='ocr_line' id='line_1_10' title="bbox 186 619 1466 661; baseline -0.001 -10"><span class='ocrx_word' id='word_1_76' title='bbox 186 621 309 661; x_wconf 84' lang='lat' dir='ltr'>garitas</span> <span class='ocrx_word' id='word_1_77' title='bbox 338 622 495 661; x_wconf 85' lang='lat' dir='ltr'>pertusas.</span> <span class='ocrx_word' id='word_1_78' title='bbox 591 628 771 651; x_wconf 83' lang='lat' dir='ltr'>DVPLICEM</span> <span class='ocrx_word' id='word_1_79' title='bbox 801 622 857 650; x_wconf 88' lang='lat' dir='ltr'>aut</span> <span class='ocrx_word' id='word_1_80' title='bbox 887 620 1000 660; x_wconf 87' lang='lat' dir='ltr'>latam,</span> <span class='ocrx_word' id='word_1_81' title='bbox 1034 622 1070 650; x_wconf 90' lang='lat' dir='ltr'>ut</span> <span class='ocrx_word' id='word_1_82' title='bbox 1103 619 1249 660; x_wconf 82' lang='lat' dir='ltr'>duplici</span> <span class='ocrx_word' id='word_1_83' title='bbox 1283 622 1466 660; x_wconf 85' lang='lat' dir='ltr'>aptantur</span> 
     </span>
     <span class='ocr_line' id='line_1_11' title="bbox 185 673 1519 714; baseline 0 -10"><span class='ocrx_word' id='word_1_84' title='bbox 185 673 358 706; x_wconf 77' lang='lat' dir='ltr'>dentalia</span> <span class='ocrx_word' id='word_1_85' title='bbox 389 674 517 714; x_wconf 84' lang='lat' dir='ltr'>dorso,</span> <span class='ocrx_word' id='word_1_86' title='bbox 551 674 629 704; x_wconf 88' lang='lat' dir='ltr'>item</span> <span class='ocrx_word' id='word_1_87' title='bbox 664 675 702 704; x_wconf 91' lang='lat' dir='ltr'>at</span> <span class='ocrx_word' id='word_1_88' title='bbox 735 673 875 714; x_wconf 81' lang='lat' dir='ltr'><strong>duplex</strong></span> <span class='ocrx_word' id='word_1_89' title='bbox 909 673 1039 714; x_wconf 86' lang='lat' dir='ltr'>agitur</span> <span class='ocrx_word' id='word_1_90' title='bbox 1067 684 1132 714; x_wconf 90' lang='lat' dir='ltr'>per</span> <span class='ocrx_word' id='word_1_91' title='bbox 1162 673 1311 704; x_wconf 87' lang='lat' dir='ltr'>lumbos</span> <span class='ocrx_word' id='word_1_92' title='bbox 1341 674 1465 714; x_wconf 84' lang='lat' dir='ltr'>spina:</span> <span class='ocrx_word' id='word_1_93' title='bbox 1489 679 1519 700; x_wconf 71' lang='lat'>11¹</span> 
     </span>
     <span class='ocr_line' id='line_1_12' title="bbox 187 726 1465 767; baseline -0.001 -9"><span class='ocrx_word' id='word_1_94' title='bbox 187 730 242 758; x_wconf 89' lang='lat' dir='ltr'>aut</span> <span class='ocrx_word' id='word_1_95' title='bbox 271 730 356 759; x_wconf 87' lang='lat' dir='ltr'>certe</span> <span class='ocrx_word' id='word_1_96' title='bbox 386 739 420 758; x_wconf 90' lang='lat' dir='ltr'>re</span> <span class='ocrx_word' id='word_1_97' title='bbox 451 739 528 758; x_wconf 80' lang='lat' dir='ltr'>vera</span> <span class='ocrx_word' id='word_1_98' title='bbox 551 727 710 767; x_wconf 83' lang='lat' dir='ltr'>duplicem</span> <span class='ocrx_word' id='word_1_99' title='bbox 740 727 876 767; x_wconf 88' lang='lat' dir='ltr'>gemmis</span> <span class='ocrx_word' id='word_1_100' title='bbox 901 729 933 757; x_wconf 81' lang='lat' dir='ltr'>et</span> <span class='ocrx_word' id='word_1_101' title='bbox 958 738 1044 758; x_wconf 86' lang='lat' dir='ltr'>auro.</span> <span class='ocrx_word' id='word_1_102' title='bbox 1090 737 1164 757; x_wconf 71' lang='lat' dir='ltr'>seme</span> <span class='ocrx_word' id='word_1_103' title='bbox 1190 727 1327 757; x_wconf 70' lang='lat' dir='ltr'>inmiscet</span> <span class='ocrx_word' id='word_1_104' title='bbox 1349 726 1465 757; x_wconf 78' lang='lat' dir='ltr'>Roma-</span> 
     </span>
     <span class='ocr_line' id='line_1_13' title="bbox 183 780 1140 819; baseline 0 -7"><span class='ocrx_word' id='word_1_105' title='bbox 183 791 258 812; x_wconf 79' lang='lat' dir='ltr'>nam</span> <span class='ocrx_word' id='word_1_106' title='bbox 281 781 525 812; x_wconf 74' lang='lat' dir='ltr'>consuetudinem</span> <span class='ocrx_word' id='word_1_107' title='bbox 532 791 541 817; x_wconf 88' lang='lat'>,·</span> <span class='ocrx_word' id='word_1_108' title='bbox 566 781 685 811; x_wconf 72' lang='lat' dir='ltr'>coronis</span> <span class='ocrx_word' id='word_1_109' title='bbox 708 781 789 811; x_wconf 71' lang='lat' dir='ltr'>enim</span> <span class='ocrx_word' id='word_1_110' title='bbox 811 780 945 819; x_wconf 73' lang='lat' dir='ltr'>feminae</span> <span class='ocrx_word' id='word_1_111' title='bbox 968 780 1140 812; x_wconf 66' lang='lat' dir='ltr'>utebantur.</span> 
     </span>
    </p>

    <p class='ocr_par' dir='ltr' id='par_1_4' title="bbox 273 833 1144 874">
     <span class='ocr_line' id='line_1_14' title="bbox 273 833 1144 874; baseline -0.001 -9"><span class='ocrx_word' id='word_1_112' title='bbox 273 834 347 865; x_wconf 79' lang='grc'>656.</span> <span class='ocrx_word' id='word_1_113' title='bbox 385 843 477 865; x_wconf 82' lang='lat' dir='ltr'>HAEC</span> <span class='ocrx_word' id='word_1_114' title='bbox 502 842 678 865; x_wconf 76' lang='lat' dir='ltr'>CELERANS</span> <span class='ocrx_word' id='word_1_115' title='bbox 704 833 851 865; x_wconf 75' lang='lat' dir='ltr'>celeriter</span> <span class='ocrx_word' id='word_1_116' title='bbox 874 835 980 864; x_wconf 80' lang='lat' dir='ltr'>facere</span> <span class='ocrx_word' id='word_1_117' title='bbox 1005 834 1144 874; x_wconf 87' lang='lat' dir='ltr'>cupiens.</span> 
     </span>
    </p>

    <p class='ocr_par' dir='ltr' id='par_1_5' title="bbox 181 887 1516 1248">
     <span class='ocr_line' id='line_1_15' title="bbox 273 887 1463 928; baseline 0.001 -10"><span class='ocrx_word' id='word_1_118' title='bbox 273 888 345 919; x_wconf 78' lang='lat'>657.</span> <span class='ocrx_word' id='word_1_119' title='bbox 383 896 426 918; x_wconf 79' lang='lat' dir='ltr'>AT</span> <span class='ocrx_word' id='word_1_120' title='bbox 448 896 628 918; x_wconf 77' lang='lat' dir='ltr'>CYTHEREA</span> <span class='ocrx_word' id='word_1_121' title='bbox 654 887 693 918; x_wconf 89' lang='lat' dir='ltr'>ab</span> <span class='ocrx_word' id='word_1_122' title='bbox 713 887 819 918; x_wconf 90' lang='lat' dir='ltr'>insula</span> <span class='ocrx_word' id='word_1_123' title='bbox 838 898 918 928; x_wconf 87' lang='lat' dir='ltr'>quae</span> <span class='ocrx_word' id='word_1_124' title='bbox 942 898 1075 918; x_wconf 87' lang='lat' dir='ltr'>numero</span> <span class='ocrx_word' id='word_1_125' title='bbox 1100 889 1224 918; x_wconf 85' lang='lat' dir='ltr'>tantum</span> <span class='ocrx_word' id='word_1_126' title='bbox 1249 888 1368 928; x_wconf 84' lang='lat' dir='ltr'>plurali</span> <span class='ocrx_word' id='word_1_127' title='bbox 1388 888 1463 919; x_wconf 89' lang='lat' dir='ltr'>dici-</span> 
     </span>
     <span class='ocr_line' id='line_1_16' title="bbox 183 939 1516 983; baseline -0.001 -11"><span class='ocrx_word' id='word_1_128' title='bbox 183 942 253 982; x_wconf 78' lang='lat' dir='ltr'>tur,</span> <span class='ocrx_word' id='word_1_129' title='bbox 280 943 316 972; x_wconf 82' lang='lat' dir='ltr'>ut</span> <span class='ocrx_word' id='word_1_130' title='bbox 344 943 433 972; x_wconf 86' lang='lat' dir='ltr'>sunt</span> <span class='ocrx_word' id='word_1_131' title='bbox 462 941 542 972; x_wconf 84' lang='lat' dir='ltr'>alta</span> <span class='ocrx_word' id='word_1_132' title='bbox 567 939 742 981; x_wconf 86' lang='lat' dir='ltr'>Cythera.</span> <span class='ocrx_word' id='word_1_133' title='bbox 833 950 945 972; x_wconf 74' lang='lat' dir='ltr'>NOVAS</span> <span class='ocrx_word' id='word_1_134' title='bbox 970 950 1078 972; x_wconf 80' lang='lat' dir='ltr'><strong>ARTES</strong></span> <span class='ocrx_word' id='word_1_135' title='bbox 1104 952 1155 972; x_wconf 84' lang='lat' dir='ltr'>ars</span> <span class='ocrx_word' id='word_1_136' title='bbox 1180 941 1247 972; x_wconf 77' lang='grc' dir='ltr'>τῶν</span> <span class='ocrx_word' id='word_1_137' title='bbox 1272 941 1382 982; x_wconf 75' lang='grc' dir='ltr'>μέσων</span> <span class='ocrx_word' id='word_1_138' title='bbox 1407 944 1464 983; x_wconf 76' lang='lat' dir='ltr'>est,</span> <span class='ocrx_word' id='word_1_139' title='bbox 1486 949 1516 971; x_wconf 73' lang='lat'>15</span> 
     </span>
     <span class='ocr_line' id='line_1_17' title="bbox 185 994 1463 1036; baseline 0.001 -11"><span class='ocrx_word' id='word_1_140' title='bbox 185 994 268 1025; x_wconf 87' lang='lat' dir='ltr'>unde</span> <span class='ocrx_word' id='word_1_141' title='bbox 292 994 360 1025; x_wconf 86' lang='lat' dir='ltr'>sine</span> <span class='ocrx_word' id='word_1_142' title='bbox 385 994 529 1035; x_wconf 86' lang='lat' dir='ltr'>epitheto</span> <span class='ocrx_word' id='word_1_143' title='bbox 555 994 637 1025; x_wconf 87' lang='lat' dir='ltr'>male</span> <span class='ocrx_word' id='word_1_144' title='bbox 661 994 801 1034; x_wconf 88' lang='lat' dir='ltr'>ponitur.</span> <span class='ocrx_word' id='word_1_145' title='bbox 847 996 957 1025; x_wconf 72' lang='lat' dir='ltr'>veteres</span> <span class='ocrx_word' id='word_1_146' title='bbox 975 997 1076 1025; x_wconf 70' lang='lat' dir='ltr'>(tutem</span> <span class='ocrx_word' id='word_1_147' title='bbox 1095 997 1176 1025; x_wconf 67' lang='lat' dir='ltr'>artes</span> <span class='ocrx_word' id='word_1_148' title='bbox 1194 1006 1254 1035; x_wconf 72' lang='lat' dir='ltr'>pro</span> <span class='ocrx_word' id='word_1_149' title='bbox 1274 996 1352 1027; x_wconf 75' lang='lat' dir='ltr'>dolis</span> <span class='ocrx_word' id='word_1_150' title='bbox 1369 1006 1463 1036; x_wconf 70' lang='lat' dir='ltr'>poue-</span> 
     </span>
     <span class='ocr_line' id='line_1_18' title="bbox 183 1047 1463 1090; baseline 0.001 -11"><span class='ocrx_word' id='word_1_151' title='bbox 183 1048 269 1088; x_wconf 76' lang='lat' dir='ltr'>bant,</span> <span class='ocrx_word' id='word_1_152' title='bbox 288 1051 323 1079; x_wconf 73' lang='lat' dir='ltr'>ut</span> <span class='ocrx_word' id='word_1_153' title='bbox 339 1048 498 1079; x_wconf 69' lang='lat' dir='ltr'>Terentius</span> <span class='ocrx_word' id='word_1_154' title='bbox 518 1049 550 1079; x_wconf 74' lang='lat' dir='ltr'>m</span> <span class='ocrx_word' id='word_1_155' title='bbox 564 1047 692 1078; x_wconf 73' lang='lat' dir='ltr'>hectulon</span> <span class='ocrx_word' id='word_1_156' title='bbox 712 1048 912 1079; x_wconf 71' lang='lat' dir='ltr'>tlmorumeno</span> <span class='ocrx_word' id='word_1_157' title='bbox 932 1048 1272 1090; x_wconf 43' lang='lat' dir='ltr'>offendi-quendam</span> <span class='ocrx_word' id='word_1_158' title='bbox 1294 1049 1344 1080; x_wconf 68' lang='lat' dir='ltr'>ibe·</span> <span class='ocrx_word' id='word_1_159' title='bbox 1363 1050 1463 1080; x_wconf 59' lang='lat' dir='ltr'>mila·-</span> 
     </span>
     <span class='ocr_line' id='line_1_19' title="bbox 184 1101 1464 1140; baseline 0.002 -8"><span class='ocrx_word' id='word_1_160' title='bbox 184 1105 249 1133; x_wconf 78' lang='lat' dir='ltr'>tem</span> <span class='ocrx_word' id='word_1_161' title='bbox 277 1103 355 1133; x_wconf 75' lang='lat' dir='ltr'>eius</span> <span class='ocrx_word' id='word_1_162' title='bbox 378 1104 520 1132; x_wconf 70' lang='lat' dir='ltr'>noctem</span> <span class='ocrx_word' id='word_1_163' title='bbox 544 1104 726 1133; x_wconf 59' lang='lat' dir='ltr'>ormnem:</span> <span class='ocrx_word' id='word_1_164' title='bbox 755 1101 840 1132; x_wconf 73' lang='lat' dir='ltr'>haec</span> <span class='ocrx_word' id='word_1_165' title='bbox 863 1103 943 1132; x_wconf 70' lang='lat' dir='ltr'>arte</span> <span class='ocrx_word' id='word_1_166' title='bbox 967 1102 1152 1133; x_wconf 68' lang='lat' dir='ltr'>tractabat</span> <span class='ocrx_word' id='word_1_167' title='bbox 1174 1103 1306 1140; x_wconf 67' lang='lat' dir='ltr'>virum,</span> <span class='ocrx_word' id='word_1_168' title='bbox 1336 1103 1406 1134; x_wconf 74' lang='lat' dir='ltr'>item</span> <span class='ocrx_word' id='word_1_169' title='bbox 1432 1104 1464 1134; x_wconf 74' lang='lat' dir='ltr'>in</span> 
     </span>
     <span class='ocr_line' id='line_1_20' title="bbox 182 1154 1463 1197; baseline 0.001 -11"><span class='ocrx_word' id='word_1_170' title='bbox 182 1154 369 1186; x_wconf 52' lang='lat' dir='ltr'>Phor-mimae</span> <span class='ocrx_word' id='word_1_171' title='bbox 395 1155 583 1194; x_wconf 71' lang='lat' dir='ltr'>artificem</span> <span class='ocrx_word' id='word_1_172' title='bbox 607 1155 779 1194; x_wconf 51' lang='lat' dir='ltr'>probitum</span> <span class='ocrx_word' id='word_1_173' title='bbox 810 1166 882 1185; x_wconf 72' lang='lat' dir='ltr'>uam</span> <span class='ocrx_word' id='word_1_174' title='bbox 913 1158 939 1185; x_wconf 66' lang='lat'>«31⁴</span> <span class='ocrx_word' id='word_1_175' title='bbox 964 1154 1076 1186; x_wconf 73' lang='lat' dir='ltr'>Graeci</span> <span class='ocrx_word' id='word_1_176' title='bbox 1099 1156 1183 1187; x_wconf 74' lang='lat' dir='ltr'>dolos</span> <span class='ocrx_word' id='word_1_177' title='bbox 1206 1155 1322 1197; x_wconf 78' lang='grc' dir='ltr'><em>τέχνας</em></span> <span class='ocrx_word' id='word_1_178' title='bbox 1350 1157 1463 1194; x_wconf 63' lang='lat' dir='ltr'>«licant,</span> 
     </span>
     <span class='ocr_line' id='line_1_21' title="bbox 181 1207 1516 1248; baseline 0 -9"><span class='ocrx_word' id='word_1_179' title='bbox 181 1211 217 1239; x_wconf 73' lang='lat' dir='ltr'>ut</span> <span class='ocrx_word' id='word_1_180' title='bbox 238 1209 273 1240; x_wconf 77' lang='lat' dir='ltr'>in</span> <span class='ocrx_word' id='word_1_181' title='bbox 295 1209 423 1240; x_wconf 70' lang='lat' dir='ltr'>secmzdo</span> <span class='ocrx_word' id='word_1_182' title='bbox 440 1209 661 1248; x_wconf 51' lang='lat' dir='ltr'>periurique</span> <span class='ocrx_word' id='word_1_183' title='bbox 684 1211 762 1239; x_wconf 69' lang='lat' dir='ltr'>arte</span> <span class='ocrx_word' id='word_1_184' title='bbox 786 1207 949 1239; x_wconf 71' lang='lat' dir='ltr'>Sinonis.</span> <span class='ocrx_word' id='word_1_185' title='bbox 1483 1216 1516 1239; x_wconf 78' lang='lat'>20</span> 
     </span>
    </p>

    <p class='ocr_par' dir='ltr' id='par_1_6' title="bbox 184 1262 1463 1356">
     <span class='ocr_line' id='line_1_22' title="bbox 271 1262 1463 1304; baseline 0.001 -11"><span class='ocrx_word' id='word_1_186' title='bbox 271 1262 344 1293; x_wconf 82' lang='lat'>658.</span> <span class='ocrx_word' id='word_1_187' title='bbox 382 1270 511 1293; x_wconf 80' lang='lat' dir='ltr'>FACIEM</span> <span class='ocrx_word' id='word_1_188' title='bbox 531 1270 692 1293; x_wconf 80' lang='lat' dir='ltr'>MVTATVS</span> <span class='ocrx_word' id='word_1_189' title='bbox 716 1263 794 1293; x_wconf 87' lang='lat' dir='ltr'>nota</span> <span class='ocrx_word' id='word_1_190' title='bbox 817 1262 923 1302; x_wconf 87' lang='lat' dir='ltr'>figura</span> <span class='ocrx_word' id='word_1_191' title='bbox 942 1264 998 1293; x_wconf 82' lang='lat' dir='ltr'>est.</span> <span class='ocrx_word' id='word_1_192' title='bbox 1038 1262 1124 1304; x_wconf 87' lang='lat' dir='ltr'>quod</span> <span class='ocrx_word' id='word_1_193' title='bbox 1147 1265 1252 1295; x_wconf 83' lang='lat' dir='ltr'>autem</span> <span class='ocrx_word' id='word_1_194' title='bbox 1274 1264 1395 1295; x_wconf 82' lang='lat' dir='ltr'>addidit</span> <span class='ocrx_word' id='word_1_195' title='bbox 1420 1263 1463 1294; x_wconf 74' lang='lat' dir='ltr'>‘et</span> 
     </span>
     <span class='ocr_line' id='line_1_23' title="bbox 184 1313 581 1356; baseline 0.003 -11"><span class='ocrx_word' id='word_1_196' title='bbox 184 1313 261 1355; x_wconf 85' lang='lat' dir='ltr'>ora&#39;‚</span> <span class='ocrx_word' id='word_1_197' title='bbox 284 1315 500 1356; x_wconf 82' lang='lat' dir='ltr'>perissologia</span> <span class='ocrx_word' id='word_1_198' title='bbox 525 1317 581 1347; x_wconf 86' lang='lat' dir='ltr'>est.</span> 
     </span>
    </p>

    <p class='ocr_par' dir='ltr' id='par_1_7' title="bbox 183 1368 1514 1512">
     <span class='ocr_line' id='line_1_24' title="bbox 271 1368 1462 1411; baseline 0.002 -12"><span class='ocrx_word' id='word_1_199' title='bbox 271 1368 343 1399; x_wconf 81' lang='lat'>659.</span> <span class='ocrx_word' id='word_1_200' title='bbox 381 1377 568 1400; x_wconf 76' lang='lat' dir='ltr'>FVRENTEM</span> <span class='ocrx_word' id='word_1_201' title='bbox 593 1377 770 1400; x_wconf 81' lang='lat' dir='ltr'>INCENDAT</span> <span class='ocrx_word' id='word_1_202' title='bbox 796 1378 954 1400; x_wconf 79' lang='lat' dir='ltr'><strong>REGINAM</strong></span> <span class='ocrx_word' id='word_1_203' title='bbox 984 1370 1134 1401; x_wconf 75' lang='lat' dir='ltr'>incendat</span> <span class='ocrx_word' id='word_1_204' title='bbox 1163 1373 1194 1401; x_wconf 84' lang='lat' dir='ltr'>et</span> <span class='ocrx_word' id='word_1_205' title='bbox 1225 1370 1330 1402; x_wconf 78' lang='lat' dir='ltr'>furere</span> <span class='ocrx_word' id='word_1_206' title='bbox 1355 1371 1462 1411; x_wconf 73' lang='lat' dir='ltr'>faciat,</span> 
     </span>
     <span class='ocr_line' id='line_1_25' title="bbox 183 1421 1462 1463; baseline 0.002 -11"><span class='ocrx_word' id='word_1_207' title='bbox 183 1423 218 1452; x_wconf 86' lang='lat' dir='ltr'>ut</span> <span class='ocrx_word' id='word_1_208' title='bbox 238 1421 479 1463; x_wconf 84' lang='lat' dir='ltr'>animumque</span> <span class='ocrx_word' id='word_1_209' title='bbox 499 1422 697 1454; x_wconf 84' lang='lat' dir='ltr'>labantem</span> <span class='ocrx_word' id='word_1_210' title='bbox 718 1423 870 1463; x_wconf 85' lang='lat' dir='ltr'>inpulit.</span> <span class='ocrx_word' id='word_1_211' title='bbox 963 1424 1234 1463; x_wconf 58' lang='lat' dir='ltr'>lxmam*proprie</span> <span class='ocrx_word' id='word_1_212' title='bbox 1249 1425 1310 1461; x_wconf 50' lang='lat' dir='ltr'>air,-</span> <span class='ocrx_word' id='word_1_213' title='bbox 1332 1424 1462 1463; x_wconf 71' lang='lat' dir='ltr'>inpliciti</span> 
     </span>
     <span class='ocr_line' id='line_1_26' title="bbox 183 1475 1514 1512; baseline -0.001 -6"><span class='ocrx_word' id='word_1_214' title='bbox 183 1476 264 1506; x_wconf 70' lang='lat' dir='ltr'>enim</span> <span class='ocrx_word' id='word_1_215' title='bbox 286 1475 389 1506; x_wconf 80' lang='lat' dir='ltr'>morbo</span> <span class='ocrx_word' id='word_1_216' title='bbox 413 1476 571 1512; x_wconf 55' lang='lat' dir='ltr'>dicuntum</span> <span class='ocrx_word' id='word_1_217' title='bbox 597 1487 669 1507; x_wconf 78' lang='lat' dir='ltr'>nam</span> <span class='ocrx_word' id='word_1_218' title='bbox 694 1479 721 1507; x_wconf 77' lang='lat' dir='ltr'>et</span> <span class='ocrx_word' id='word_1_219' title='bbox 744 1487 831 1506; x_wconf 73' lang='lat' dir='ltr'>antor</span> <span class='ocrx_word' id='word_1_220' title='bbox 855 1476 984 1508; x_wconf 77' lang='lat' dir='ltr'>morbus.</span> <span class='ocrx_word' id='word_1_221' title='bbox 1482 1484 1514 1506; x_wconf 69' lang='lat'>‘25</span> 
     </span>
    </p>

    <p class='ocr_par' dir='ltr' id='par_1_8' title="bbox 181 1529 1462 1626">
     <span class='ocr_line' id='line_1_27' title="bbox 271 1529 1462 1572; baseline 0.003 -13"><span class='ocrx_word' id='word_1_222' title='bbox 271 1529 344 1559; x_wconf 81' lang='lat'>661.</span> <span class='ocrx_word' id='word_1_223' title='bbox 381 1538 506 1560; x_wconf 78' lang='lat' dir='ltr'><strong>DOMVM</strong></span> <span class='ocrx_word' id='word_1_224' title='bbox 526 1538 631 1560; x_wconf 82' lang='lat' dir='ltr'>TIMET</span> <span class='ocrx_word' id='word_1_225' title='bbox 652 1538 836 1560; x_wconf 80' lang='lat' dir='ltr'>AMBIGVAM</span> <span class='ocrx_word' id='word_1_226' title='bbox 862 1530 895 1560; x_wconf 93' lang='grc'>111</span> <span class='ocrx_word' id='word_1_227' title='bbox 915 1541 977 1570; x_wconf 83' lang='lat' dir='ltr'>qua</span> <span class='ocrx_word' id='word_1_228' title='bbox 997 1529 1126 1561; x_wconf 84' lang='lat' dir='ltr'>habitat</span> <span class='ocrx_word' id='word_1_229' title='bbox 1145 1531 1311 1562; x_wconf 88' lang='lat' dir='ltr'>mutabilis</span> <span class='ocrx_word' id='word_1_230' title='bbox 1332 1531 1462 1572; x_wconf 73' lang='lat' dir='ltr'>femina,</span> 
     </span>
     <span class='ocr_line' id='line_1_28' title="bbox 181 1583 1461 1626; baseline 0.002 -13"><span class='ocrx_word' id='word_1_231' title='bbox 181 1584 218 1612; x_wconf 86' lang='lat' dir='ltr'>ut</span> <span class='ocrx_word' id='word_1_232' title='bbox 245 1583 393 1613; x_wconf 82' lang='lat' dir='ltr'>varium</span> <span class='ocrx_word' id='word_1_233' title='bbox 423 1584 459 1613; x_wconf 85' lang='lat' dir='ltr'>et</span> <span class='ocrx_word' id='word_1_234' title='bbox 486 1583 672 1614; x_wconf 87' lang='lat' dir='ltr'>mutabile</span> <span class='ocrx_word' id='word_1_235' title='bbox 707 1594 854 1623; x_wconf 84' lang='lat' dir='ltr'>semper</span> <span class='ocrx_word' id='word_1_236' title='bbox 888 1583 1043 1623; x_wconf 74' lang='lat' dir='ltr'>femina,</span> <span class='ocrx_word' id='word_1_237' title='bbox 1072 1584 1151 1614; x_wconf 88' lang='lat' dir='ltr'>item</span> <span class='ocrx_word' id='word_1_238' title='bbox 1175 1583 1256 1615; x_wconf 87' lang='lat' dir='ltr'>Iuno</span> <span class='ocrx_word' id='word_1_239' title='bbox 1285 1584 1316 1614; x_wconf 90' lang='lat' dir='ltr'>in</span> <span class='ocrx_word' id='word_1_240' title='bbox 1346 1587 1461 1626; x_wconf 83' lang='lat' dir='ltr'>quarto</span> 
     </span>
    </p>
   </div>
   <div class='ocr_carea' id='block_1_3' title="bbox 181 1635 1459 1830">
    <p class='ocr_par' dir='ltr' id='par_1_9' title="bbox 181 1635 1459 1830">
     <span class='ocr_line' id='line_1_29' title="bbox 182 1635 1459 1677; baseline 0.002 -11"><span class='ocrx_word' id='word_1_241' title='bbox 182 1638 385 1676; x_wconf 87' lang='lat' dir='ltr'>suspectas</span> <span class='ocrx_word' id='word_1_242' title='bbox 418 1635 602 1667; x_wconf 83' lang='lat' dir='ltr'>habuisse</span> <span class='ocrx_word' id='word_1_243' title='bbox 633 1636 761 1667; x_wconf 82' lang='lat' dir='ltr'>domos</span> <span class='ocrx_word' id='word_1_244' title='bbox 794 1635 1048 1677; x_wconf 81' lang='lat' dir='ltr'>Carthaginis</span> <span class='ocrx_word' id='word_1_245' title='bbox 1082 1637 1194 1668; x_wconf 87' lang='lat' dir='ltr'>altae.</span> <span class='ocrx_word' id='word_1_246' title='bbox 1292 1639 1459 1677; x_wconf 56' lang='lat' dir='ltr'>namra-mil]</span> 
     </span>
     <span class='ocr_line' id='line_1_30' title="bbox 253 1759 1459 1795; baseline 0.003 -11"><span class='ocrx_word' id='word_1_247' title='bbox 253 1761 266 1784; x_wconf 89' lang='lat'>1</span> <span class='ocrx_word' id='word_1_248' title='bbox 289 1759 438 1793; x_wconf 84' lang='lat' dir='ltr'>Iuvenalis]</span> <span class='ocrx_word' id='word_1_249' title='bbox 460 1760 510 1786; x_wconf 86' lang='lat' dir='ltr'>sat.</span> <span class='ocrx_word' id='word_1_250' title='bbox 532 1759 555 1784; x_wconf 87' lang='lat' dir='ltr'>ll</span> <span class='ocrx_word' id='word_1_251' title='bbox 579 1763 627 1785; x_wconf 72' lang='lat'>124</span> <span class='ocrx_word' id='word_1_252' title='bbox 648 1760 675 1785; x_wconf 86' lang='lat' dir='ltr'>et</span> <span class='ocrx_word' id='word_1_253' title='bbox 694 1760 730 1785; x_wconf 91' lang='lat' dir='ltr'>VI</span> <span class='ocrx_word' id='word_1_254' title='bbox 752 1763 784 1785; x_wconf 80' lang='grc'>89</span> <span class='ocrx_word' id='word_1_255' title='bbox 800 1761 809 1792; x_wconf 80' lang='grc' dir='ltr'>ΙΙ</span> <span class='ocrx_word' id='word_1_256' title='bbox 831 1763 846 1785; x_wconf 71' lang='grc'>4</span> <span class='ocrx_word' id='word_1_257' title='bbox 866 1760 983 1785; x_wconf 76' lang='lat' dir='ltr'>dicimus</span> <span class='ocrx_word' id='word_1_258' title='bbox 1005 1781 1009 1785; x_wconf 94' lang='lat'>.</span> <span class='ocrx_word' id='word_1_259' title='bbox 1031 1781 1036 1785; x_wconf 81' lang='lat'>.</span> <span class='ocrx_word' id='word_1_260' title='bbox 1058 1781 1062 1786; x_wconf 95' lang='lat'>.</span> <span class='ocrx_word' id='word_1_261' title='bbox 1084 1761 1279 1795; x_wconf 84' lang='lat' dir='ltr'>margaritum]</span> <span class='ocrx_word' id='word_1_262' title='bbox 1301 1761 1334 1787; x_wconf 84' lang='lat' dir='ltr'>cf.</span> <span class='ocrx_word' id='word_1_263' title='bbox 1356 1761 1459 1788; x_wconf 85' lang='lat' dir='ltr'>Charis.</span> 
     </span>
     <span class='ocr_line' id='line_1_31' title="bbox 181 1794 1459 1830; baseline 0.003 -11"><span class='ocrx_word' id='word_1_264' title='bbox 181 1802 205 1827; x_wconf 91' lang='lat' dir='ltr'>p.</span> <span class='ocrx_word' id='word_1_265' title='bbox 224 1796 265 1826; x_wconf 79' lang='lat'>57,</span> <span class='ocrx_word' id='word_1_266' title='bbox 281 1797 313 1820; x_wconf 77' lang='lat'>27</span> <span class='ocrx_word' id='word_1_267' title='bbox 329 1794 361 1821; x_wconf 93' lang='grc' dir='ltr'>Κ.</span> <span class='ocrx_word' id='word_1_268' title='bbox 392 1794 498 1820; x_wconf 80' lang='lat' dir='ltr'>Nonius</span> <span class='ocrx_word' id='word_1_269' title='bbox 518 1804 542 1828; x_wconf 92' lang='lat' dir='ltr'>p.</span> <span class='ocrx_word' id='word_1_270' title='bbox 560 1798 609 1820; x_wconf 79' lang='lat'>213</span> <span class='ocrx_word' id='word_1_271' title='bbox 626 1795 662 1820; x_wconf 90' lang='grc' dir='ltr'>Μ.</span> <span class='ocrx_word' id='word_1_272' title='bbox 677 1796 686 1828; x_wconf 76' lang='grc' dir='ltr'>[Ι</span> <span class='ocrx_word' id='word_1_273' title='bbox 701 1795 817 1821; x_wconf 83' lang='lat' dir='ltr'>dicimus</span> <span class='ocrx_word' id='word_1_274' title='bbox 838 1796 930 1821; x_wconf 83' lang='lat' dir='ltr'>autem</span> <span class='ocrx_word' id='word_1_275' title='bbox 953 1816 957 1820; x_wconf 96' lang='lat'>.</span> <span class='ocrx_word' id='word_1_276' title='bbox 975 1817 979 1821; x_wconf 99' lang='lat'>.</span> <span class='ocrx_word' id='word_1_277' title='bbox 997 1817 1001 1822; x_wconf 98' lang='lat'>.</span> <span class='ocrx_word' id='word_1_278' title='bbox 1022 1796 1163 1830; x_wconf 80' lang='lat' dir='ltr'>pertusas]</span> <span class='ocrx_word' id='word_1_279' title='bbox 1184 1804 1268 1822; x_wconf 83' lang='lat' dir='ltr'>exscr.</span> <span class='ocrx_word' id='word_1_280' title='bbox 1289 1797 1367 1823; x_wconf 84' lang='lat' dir='ltr'>Luct.</span> <span class='ocrx_word' id='word_1_281' title='bbox 1386 1797 1459 1823; x_wconf 87' lang='lat' dir='ltr'>Plac.</span> 
     </span>
    </p>
   </div>
   <div class='ocr_carea' id='block_1_4' title="bbox 148 1829 1460 1972">
    <p class='ocr_par' dir='ltr' id='par_1_10' title="bbox 148 1829 1460 1972">
     <span class='ocr_line' id='line_1_32' title="bbox 181 1829 1459 1866; baseline 0.003 -11"><span class='ocrx_word' id='word_1_282' title='bbox 181 1829 217 1854; x_wconf 86' lang='lat' dir='ltr'>ad</span> <span class='ocrx_word' id='word_1_283' title='bbox 237 1829 305 1855; x_wconf 82' lang='lat' dir='ltr'>Stat.</span> <span class='ocrx_word' id='word_1_284' title='bbox 325 1829 410 1856; x_wconf 85' lang='lat' dir='ltr'>Theb.</span> <span class='ocrx_word' id='word_1_285' title='bbox 432 1830 470 1856; x_wconf 92' lang='lat' dir='ltr'>VI</span> <span class='ocrx_word' id='word_1_286' title='bbox 490 1833 522 1856; x_wconf 87' lang='grc'>63</span> <span class='ocrx_word' id='word_1_287' title='bbox 541 1832 550 1863; x_wconf 84' lang='grc' dir='ltr'>ΙΙ</span> <span class='ocrx_word' id='word_1_288' title='bbox 572 1834 587 1856; x_wconf 94' lang='grc'><strong>6</strong></span> <span class='ocrx_word' id='word_1_289' title='bbox 608 1830 716 1865; x_wconf 88' lang='lat' dir='ltr'>Cicero]</span> <span class='ocrx_word' id='word_1_290' title='bbox 741 1831 769 1856; x_wconf 88' lang='lat' dir='ltr'>in</span> <span class='ocrx_word' id='word_1_291' title='bbox 789 1831 864 1856; x_wconf 89' lang='lat' dir='ltr'>Verr.</span> <span class='ocrx_word' id='word_1_292' title='bbox 886 1832 937 1856; x_wconf 84' lang='lat' dir='ltr'>act.</span> <span class='ocrx_word' id='word_1_293' title='bbox 958 1831 983 1856; x_wconf 86' lang='grc' dir='ltr'>ΙΙ</span> <span class='ocrx_word' id='word_1_294' title='bbox 1003 1834 1028 1863; x_wconf 85' lang='grc'>4,</span> <span class='ocrx_word' id='word_1_295' title='bbox 1051 1835 1072 1863; x_wconf 71' lang='lat'>1,</span> <span class='ocrx_word' id='word_1_296' title='bbox 1094 1834 1106 1856; x_wconf 92' lang='lat'>1</span> <span class='ocrx_word' id='word_1_297' title='bbox 1127 1833 1136 1864; x_wconf 79' lang='grc' dir='ltr'>ΙΙ</span> <span class='ocrx_word' id='word_1_298' title='bbox 1160 1834 1174 1857; x_wconf 90' lang='grc'><strong>9</strong></span> <span class='ocrx_word' id='word_1_299' title='bbox 1195 1831 1312 1865; x_wconf 82' lang='lat' dir='ltr'>duplici]</span> <span class='ocrx_word' id='word_1_300' title='bbox 1333 1841 1428 1866; x_wconf 82' lang='lat' dir='ltr'>georg.</span> <span class='ocrx_word' id='word_1_301' title='bbox 1450 1834 1459 1859; x_wconf 93' lang='lat' dir='ltr'>I</span> 
     </span>
     <span class='ocr_line' id='line_1_33' title="bbox 183 1865 1460 1900; baseline 0.003 -10"><span class='ocrx_word' id='word_1_302' title='bbox 183 1867 232 1890; x_wconf 78' lang='lat'>172</span> <span class='ocrx_word' id='word_1_303' title='bbox 251 1865 260 1898; x_wconf 90' lang='grc' dir='ltr'>ΙΙ</span> <span class='ocrx_word' id='word_1_304' title='bbox 281 1868 312 1890; x_wconf 89' lang='grc'>10</span> <span class='ocrx_word' id='word_1_305' title='bbox 333 1866 362 1891; x_wconf 83' lang='lat' dir='ltr'>at</span> <span class='ocrx_word' id='word_1_306' title='bbox 381 1865 495 1899; x_wconf 83' lang='lat' dir='ltr'>duplex]</span> <span class='ocrx_word' id='word_1_307' title='bbox 515 1874 608 1899; x_wconf 79' lang='lat' dir='ltr'>georg.</span> <span class='ocrx_word' id='word_1_308' title='bbox 630 1866 667 1892; x_wconf 84' lang='grc' dir='ltr'>ΙΙΙ</span> <span class='ocrx_word' id='word_1_309' title='bbox 687 1869 719 1892; x_wconf 83' lang='grc'>87</span> <span class='ocrx_word' id='word_1_310' title='bbox 741 1867 749 1899; x_wconf 78' lang='grc' dir='ltr'><strong>Η</strong></span> <span class='ocrx_word' id='word_1_311' title='bbox 774 1869 805 1892; x_wconf 88' lang='lat'>15</span> <span class='ocrx_word' id='word_1_312' title='bbox 826 1866 901 1900; x_wconf 88' lang='lat' dir='ltr'>sunt]</span> <span class='ocrx_word' id='word_1_313' title='bbox 923 1867 954 1892; x_wconf 88' lang='lat' dir='ltr'>A.</span> <span class='ocrx_word' id='word_1_314' title='bbox 976 1866 999 1891; x_wconf 80' lang='lat' dir='ltr'>X</span> <span class='ocrx_word' id='word_1_315' title='bbox 1020 1869 1052 1892; x_wconf 77' lang='grc'>86</span> <span class='ocrx_word' id='word_1_316' title='bbox 1072 1868 1081 1899; x_wconf 71' lang='grc' dir='ltr'>Η</span> <span class='ocrx_word' id='word_1_317' title='bbox 1106 1870 1137 1892; x_wconf 80' lang='grc'>17</span> <span class='ocrx_word' id='word_1_318' title='bbox 1158 1867 1186 1892; x_wconf 90' lang='lat' dir='ltr'>in</span> <span class='ocrx_word' id='word_1_319' title='bbox 1206 1868 1328 1893; x_wconf 86' lang='lat' dir='ltr'>heauton</span> <span class='ocrx_word' id='word_1_320' title='bbox 1347 1868 1460 1894; x_wconf 82' lang='lat' dir='ltr'>timaru-</span> 
     </span>
     <span class='ocr_line' id='line_1_34' title="bbox 148 1900 1457 1936; baseline 0.004 -11"><span class='ocrx_word' id='word_1_321' title='bbox 148 1915 153 1916; x_wconf 37' lang='grc' dir='ltr'><em>ν</em></span> <span class='ocrx_word' id='word_1_322' title='bbox 182 1900 276 1934; x_wconf 87' lang='lat' dir='ltr'>meno]</span> <span class='ocrx_word' id='word_1_323' title='bbox 298 1900 321 1925; x_wconf 92' lang='lat' dir='ltr'>II</span> <span class='ocrx_word' id='word_1_324' title='bbox 341 1904 365 1932; x_wconf 81' lang='lat'>3,</span> <span class='ocrx_word' id='word_1_325' title='bbox 383 1904 432 1926; x_wconf 77' lang='lat'>124</span> <span class='ocrx_word' id='word_1_326' title='bbox 447 1902 455 1933; x_wconf 86' lang='grc' dir='ltr'>ΙΙ</span> <span class='ocrx_word' id='word_1_327' title='bbox 472 1904 502 1926; x_wconf 92' lang='grc'>19</span> <span class='ocrx_word' id='word_1_328' title='bbox 522 1901 550 1926; x_wconf 86' lang='grc'>111</span> <span class='ocrx_word' id='word_1_329' title='bbox 570 1901 749 1935; x_wconf 86' lang='lat' dir='ltr'>Phormione]</span> <span class='ocrx_word' id='word_1_330' title='bbox 770 1902 795 1927; x_wconf 85' lang='lat' dir='ltr'><strong>H</strong></span> <span class='ocrx_word' id='word_1_331' title='bbox 816 1905 839 1934; x_wconf 85' lang='lat'>1,</span> <span class='ocrx_word' id='word_1_332' title='bbox 856 1904 960 1935; x_wconf 71' lang='lat'>2911‘20</span> <span class='ocrx_word' id='word_1_333' title='bbox 980 1902 1007 1927; x_wconf 91' lang='lat' dir='ltr'>in</span> <span class='ocrx_word' id='word_1_334' title='bbox 1027 1902 1160 1936; x_wconf 82' lang='lat' dir='ltr'>secundo]</span> <span class='ocrx_word' id='word_1_335' title='bbox 1183 1904 1303 1936; x_wconf 68' lang='lat'>19511‘24</span> <span class='ocrx_word' id='word_1_336' title='bbox 1323 1904 1457 1930; x_wconf 59' lang='lat' dir='ltr'>animum«</span> 
     </span>
     <span class='ocr_line' id='line_1_35' title="bbox 182 1935 1214 1972; baseline 0.003 -11"><span class='ocrx_word' id='word_1_337' title='bbox 182 1936 247 1970; x_wconf 83' lang='lat' dir='ltr'>que]</span> <span class='ocrx_word' id='word_1_338' title='bbox 270 1936 301 1962; x_wconf 90' lang='lat' dir='ltr'>A.</span> <span class='ocrx_word' id='word_1_339' title='bbox 322 1935 359 1961; x_wconf 92' lang='lat' dir='ltr'>IV</span> <span class='ocrx_word' id='word_1_340' title='bbox 380 1937 483 1969; x_wconf 73' lang='grc'><strong>221127</strong></span> <span class='ocrx_word' id='word_1_341' title='bbox 503 1936 622 1970; x_wconf 83' lang='lat' dir='ltr'>varium]</span> <span class='ocrx_word' id='word_1_342' title='bbox 643 1937 674 1964; x_wconf 90' lang='lat' dir='ltr'>A.</span> <span class='ocrx_word' id='word_1_343' title='bbox 695 1937 732 1963; x_wconf 85' lang='lat' dir='ltr'>lV</span> <span class='ocrx_word' id='word_1_344' title='bbox 753 1940 803 1963; x_wconf 83' lang='grc'>569</span> <span class='ocrx_word' id='word_1_345' title='bbox 818 1939 827 1970; x_wconf 84' lang='grc' dir='ltr'>ΙΙ</span> <span class='ocrx_word' id='word_1_346' title='bbox 843 1941 875 1963; x_wconf 75' lang='lat'>28</span> <span class='ocrx_word' id='word_1_347' title='bbox 895 1938 1050 1972; x_wconf 82' lang='lat' dir='ltr'>suspectas]</span> <span class='ocrx_word' id='word_1_348' title='bbox 1071 1939 1102 1963; x_wconf 83' lang='lat' dir='ltr'>A.</span> <span class='ocrx_word' id='word_1_349' title='bbox 1124 1938 1160 1963; x_wconf 86' lang='lat' dir='ltr'>IV</span> <span class='ocrx_word' id='word_1_350' title='bbox 1182 1941 1214 1964; x_wconf 75' lang='grc'>97</span> 
     </span>
    </p>
   </div>
   <div class='ocr_carea' id='block_1_5' title="bbox 180 2051 1460 2370">
    <p class='ocr_par' dir='ltr' id='par_1_11' title="bbox 180 2051 1460 2336">
     <span class='ocr_line' id='line_1_36' title="bbox 254 2051 1458 2089; baseline 0.003 -12"><span class='ocrx_word' id='word_1_351' title='bbox 254 2056 266 2078; x_wconf 93' lang='grc'>1</span> <span class='ocrx_word' id='word_1_352' title='bbox 288 2051 386 2078; x_wconf 84' lang='lat' dir='ltr'>habitu</span> <span class='ocrx_word' id='word_1_353' title='bbox 405 2052 475 2077; x_wconf 81' lang='lat' dir='ltr'>BM</span> <span class='ocrx_word' id='word_1_354' title='bbox 496 2053 506 2085; x_wconf 85' lang='grc' dir='ltr'>ΙΙ</span> <span class='ocrx_word' id='word_1_355' title='bbox 529 2055 545 2077; x_wconf 80' lang='lat'>4</span> <span class='ocrx_word' id='word_1_356' title='bbox 564 2053 600 2078; x_wconf 74' lang='lat' dir='ltr'>acl</span> <span class='ocrx_word' id='word_1_357' title='bbox 619 2060 642 2078; x_wconf 70' lang='lat' dir='ltr'>v.</span> <span class='ocrx_word' id='word_1_358' title='bbox 664 2055 713 2078; x_wconf 85' lang='grc'>655</span> <span class='ocrx_word' id='word_1_359' title='bbox 743 2053 879 2079; x_wconf 84' lang='lat' dir='ltr'>Bacatum</span> <span class='ocrx_word' id='word_1_360' title='bbox 903 2053 1104 2087; x_wconf 86' lang='lat' dir='ltr'>(bacchatum)]</span> <span class='ocrx_word' id='word_1_361' title='bbox 1134 2056 1263 2080; x_wconf 85' lang='lat' dir='ltr'>ornatum</span> <span class='ocrx_word' id='word_1_362' title='bbox 1292 2056 1458 2089; x_wconf 76' lang='lat' dir='ltr'>margaritis.</span> 
     </span>
     <span class='ocr_line' id='line_1_37' title="bbox 181 2087 1459 2124; baseline 0.004 -12"><span class='ocrx_word' id='word_1_363' title='bbox 181 2087 327 2121; x_wconf 87' lang='lat' dir='ltr'>Duplicem</span> <span class='ocrx_word' id='word_1_364' title='bbox 352 2087 494 2121; x_wconf 87' lang='lat' dir='ltr'>coronam]</span> <span class='ocrx_word' id='word_1_365' title='bbox 520 2091 569 2113; x_wconf 84' lang='lat' dir='ltr'>aut</span> <span class='ocrx_word' id='word_1_366' title='bbox 592 2087 679 2113; x_wconf 88' lang='lat' dir='ltr'>latam</span> <span class='ocrx_word' id='word_1_367' title='bbox 704 2109 709 2114; x_wconf 85' lang='lat'>.</span> <span class='ocrx_word' id='word_1_368' title='bbox 731 2108 736 2113; x_wconf 88' lang='lat'>.</span> <span class='ocrx_word' id='word_1_369' title='bbox 759 2109 764 2115; x_wconf 90' lang='lat'>.</span> <span class='ocrx_word' id='word_1_370' title='bbox 790 2088 885 2120; x_wconf 89' lang='lat' dir='ltr'>dorso,</span> <span class='ocrx_word' id='word_1_371' title='bbox 914 2090 963 2114; x_wconf 79' lang='lat' dir='ltr'>aut</span> <span class='ocrx_word' id='word_1_372' title='bbox 987 2097 1014 2114; x_wconf 86' lang='lat' dir='ltr'>re</span> <span class='ocrx_word' id='word_1_373' title='bbox 1039 2097 1106 2114; x_wconf 86' lang='lat' dir='ltr'>uera</span> <span class='ocrx_word' id='word_1_374' title='bbox 1131 2089 1271 2122; x_wconf 85' lang='lat' dir='ltr'>duplicem</span> <span class='ocrx_word' id='word_1_375' title='bbox 1294 2091 1412 2124; x_wconf 82' lang='lat' dir='ltr'>gemmis</span> <span class='ocrx_word' id='word_1_376' title='bbox 1432 2093 1459 2117; x_wconf 85' lang='lat' dir='ltr'>et</span> 
     </span>
     <span class='ocr_line' id='line_1_38' title="bbox 181 2123 1439 2159; baseline 0.003 -11"><span class='ocrx_word' id='word_1_377' title='bbox 181 2131 255 2150; x_wconf 85' lang='lat' dir='ltr'>auro.</span> <span class='ocrx_word' id='word_1_378' title='bbox 273 2123 300 2148; x_wconf 91' lang='lat' dir='ltr'><strong><em>P</em></strong></span> <span class='ocrx_word' id='word_1_379' title='bbox 312 2124 321 2156; x_wconf 86' lang='grc' dir='ltr'>ΙΙ</span> <span class='ocrx_word' id='word_1_380' title='bbox 336 2126 350 2149; x_wconf 89' lang='grc'>5</span> <span class='ocrx_word' id='word_1_381' title='bbox 366 2123 513 2157; x_wconf 81' lang='lat' dir='ltr'>mai-garis]</span> <span class='ocrx_word' id='word_1_382' title='bbox 534 2123 700 2156; x_wconf 82' lang='lat' dir='ltr'>margaritas</span> <span class='ocrx_word' id='word_1_383' title='bbox 717 2123 739 2149; x_wconf 78' lang='lat' dir='ltr'><em>C</em></span> <span class='ocrx_word' id='word_1_384' title='bbox 763 2123 921 2157; x_wconf 84' lang='lat' dir='ltr'>margaritis</span> <span class='ocrx_word' id='word_1_385' title='bbox 937 2124 970 2149; x_wconf 71' lang='lat'>02</span> <span class='ocrx_word' id='word_1_386' title='bbox 1000 2124 1137 2157; x_wconf 83' lang='lat' dir='ltr'>margaris</span> <span class='ocrx_word' id='word_1_387' title='bbox 1154 2125 1209 2158; x_wconf 69' lang='lat'>6³11</span> <span class='ocrx_word' id='word_1_388' title='bbox 1225 2129 1238 2151; x_wconf 86' lang='grc'>7</span> <span class='ocrx_word' id='word_1_389' title='bbox 1258 2126 1399 2159; x_wconf 84' lang='lat' dir='ltr'>geminam</span> <span class='ocrx_word' id='word_1_390' title='bbox 1416 2127 1439 2153; x_wconf 79' lang='lat' dir='ltr'><em>C</em></span> 
     </span>
     <span class='ocr_line' id='line_1_39' title="bbox 181 2158 1460 2194; baseline 0.002 -11"><span class='ocrx_word' id='word_1_391' title='bbox 181 2159 209 2183; x_wconf 84' lang='lat' dir='ltr'>et</span> <span class='ocrx_word' id='word_1_392' title='bbox 228 2167 352 2192; x_wconf 87' lang='lat' dir='ltr'>gemmas</span> <span class='ocrx_word' id='word_1_393' title='bbox 373 2179 378 2184; x_wconf 86' lang='lat'>.</span> <span class='ocrx_word' id='word_1_394' title='bbox 395 2179 400 2183; x_wconf 93' lang='lat'>.</span> <span class='ocrx_word' id='word_1_395' title='bbox 418 2180 423 2185; x_wconf 92' lang='lat'>.</span> <span class='ocrx_word' id='word_1_396' title='bbox 443 2160 569 2192; x_wconf 86' lang='lat' dir='ltr'>pertusas</span> <span class='ocrx_word' id='word_1_397' title='bbox 589 2166 638 2186; x_wconf 80' lang='lat' dir='ltr'>om.</span> <span class='ocrx_word' id='word_1_398' title='bbox 658 2158 680 2184; x_wconf 84' lang='lat' dir='ltr'><em>G</em></span> <span class='ocrx_word' id='word_1_399' title='bbox 692 2160 701 2192; x_wconf 73' lang='grc' dir='ltr'>ΙΙ</span> <span class='ocrx_word' id='word_1_400' title='bbox 717 2162 749 2184; x_wconf 71' lang='grc'>14</span> <span class='ocrx_word' id='word_1_401' title='bbox 769 2160 805 2185; x_wconf 81' lang='lat' dir='ltr'>ad</span> <span class='ocrx_word' id='word_1_402' title='bbox 823 2167 846 2185; x_wconf 79' lang='lat' dir='ltr'>v.</span> <span class='ocrx_word' id='word_1_403' title='bbox 863 2161 912 2184; x_wconf 77' lang='lat'>657</span> <span class='ocrx_word' id='word_1_404' title='bbox 934 2160 970 2184; x_wconf 84' lang='lat' dir='ltr'>At</span> <span class='ocrx_word' id='word_1_405' title='bbox 989 2159 1138 2194; x_wconf 80' lang='lat' dir='ltr'>Cytherea]</span> <span class='ocrx_word' id='word_1_406' title='bbox 1159 2161 1194 2186; x_wconf 87' lang='lat' dir='ltr'>ab</span> <span class='ocrx_word' id='word_1_407' title='bbox 1213 2161 1305 2187; x_wconf 80' lang='lat' dir='ltr'>insula</span> <span class='ocrx_word' id='word_1_408' title='bbox 1325 2184 1329 2188; x_wconf 84' lang='grc'>,</span> <span class='ocrx_word' id='word_1_409' title='bbox 1347 2183 1352 2188; x_wconf 84' lang='grc'>,</span> <span class='ocrx_word' id='word_1_410' title='bbox 1369 2182 1374 2187; x_wconf 74' lang='grc'><strong>.</strong></span> <span class='ocrx_word' id='word_1_411' title='bbox 1396 2164 1460 2188; x_wconf 54' lang='lat' dir='ltr'>sunt</span> 
     </span>
     <span class='ocr_line' id='line_1_40' title="bbox 180 2193 1458 2229; baseline 0.003 -10"><span class='ocrx_word' id='word_1_412' title='bbox 180 2193 239 2220; x_wconf 70' lang='lat' dir='ltr'>alta</span> <span class='ocrx_word' id='word_1_413' title='bbox 258 2193 377 2227; x_wconf 85' lang='lat' dir='ltr'>Cythera</span> <span class='ocrx_word' id='word_1_414' title='bbox 396 2194 532 2227; x_wconf 72' lang='lat' dir='ltr'>(cithera).</span> <span class='ocrx_word' id='word_1_415' title='bbox 556 2194 581 2219; x_wconf 90' lang='lat' dir='ltr'><em>P</em></span> <span class='ocrx_word' id='word_1_416' title='bbox 603 2194 611 2227; x_wconf 79' lang='grc' dir='ltr'>ΙΙ</span> <span class='ocrx_word' id='word_1_417' title='bbox 637 2197 667 2220; x_wconf 87' lang='grc'>16</span> <span class='ocrx_word' id='word_1_418' title='bbox 688 2194 811 2228; x_wconf 75' lang='lat' dir='ltr'>ponitur,</span> <span class='ocrx_word' id='word_1_419' title='bbox 832 2195 862 2220; x_wconf 86' lang='lat' dir='ltr'>ut</span> <span class='ocrx_word' id='word_1_420' title='bbox 880 2194 967 2220; x_wconf 87' lang='lat' dir='ltr'>bonas</span> <span class='ocrx_word' id='word_1_421' title='bbox 987 2196 1060 2220; x_wconf 85' lang='lat' dir='ltr'>artes</span> <span class='ocrx_word' id='word_1_422' title='bbox 1080 2196 1222 2229; x_wconf 87' lang='lat' dir='ltr'>malasque</span> <span class='ocrx_word' id='word_1_423' title='bbox 1242 2198 1315 2222; x_wconf 84' lang='lat' dir='ltr'>artes</span> <span class='ocrx_word' id='word_1_424' title='bbox 1334 2197 1458 2223; x_wconf 79' lang='lat' dir='ltr'>dicamus</span> 
     </span>
     <span class='ocr_line' id='line_1_41' title="bbox 180 2229 1451 2263; baseline 0.004 -9"><span class='ocrx_word' id='word_1_425' title='bbox 180 2229 260 2262; x_wconf 65' lang='lat' dir='ltr'>vulyo</span> <span class='ocrx_word' id='word_1_426' title='bbox 273 2230 283 2263; x_wconf 77' lang='lat' dir='ltr'>l]</span> <span class='ocrx_word' id='word_1_427' title='bbox 299 2233 329 2256; x_wconf 81' lang='lat'>17</span> <span class='ocrx_word' id='word_1_428' title='bbox 346 2231 377 2256; x_wconf 87' lang='lat' dir='ltr'>ut</span> <span class='ocrx_word' id='word_1_429' title='bbox 391 2230 599 2255; x_wconf 70' lang='lat' dir='ltr'>1‹&#39;.Schoellius:</span> <span class='ocrx_word' id='word_1_430' title='bbox 618 2231 646 2255; x_wconf 89' lang='lat' dir='ltr'>et</span> <span class='ocrx_word' id='word_1_431' title='bbox 662 2229 685 2255; x_wconf 81' lang='lat' dir='ltr'><strong><em>G</em></strong></span> <span class='ocrx_word' id='word_1_432' title='bbox 696 2230 704 2263; x_wconf 73' lang='lat' dir='ltr'>l]</span> <span class='ocrx_word' id='word_1_433' title='bbox 718 2229 867 2255; x_wconf 85' lang='lat' dir='ltr'>terrentius</span> <span class='ocrx_word' id='word_1_434' title='bbox 884 2229 906 2255; x_wconf 83' lang='lat' dir='ltr'><em>C</em></span> <span class='ocrx_word' id='word_1_435' title='bbox 918 2230 927 2263; x_wconf 87' lang='grc' dir='ltr'>ΙΙ</span> <span class='ocrx_word' id='word_1_436' title='bbox 943 2233 974 2255; x_wconf 85' lang='grc'>19</span> <span class='ocrx_word' id='word_1_437' title='bbox 994 2230 1089 2256; x_wconf 82' lang='lat' dir='ltr'>techas</span> <span class='ocrx_word' id='word_1_438' title='bbox 1106 2231 1129 2257; x_wconf 83' lang='grc' dir='ltr'><em>Ο</em></span> <span class='ocrx_word' id='word_1_439' title='bbox 1146 2232 1270 2263; x_wconf 84' lang='lat' dir='ltr'>(technas</span> <span class='ocrx_word' id='word_1_440' title='bbox 1285 2241 1357 2259; x_wconf 70' lang='lat' dir='ltr'>mem.</span> <span class='ocrx_word' id='word_1_441' title='bbox 1374 2235 1435 2262; x_wconf 61' lang='lat' dir='ltr'>rec.)</span> <span class='ocrx_word' id='word_1_442' title='bbox 1450 2258 1451 2262; x_wconf 70' lang='grc'>,</span> 
     </span>
     <span class='ocr_line' id='line_1_42' title="bbox 181 2264 1458 2300; baseline 0.002 -10"><span class='ocrx_word' id='word_1_443' title='bbox 181 2267 213 2289; x_wconf 84' lang='grc'>21</span> <span class='ocrx_word' id='word_1_444' title='bbox 234 2265 270 2290; x_wconf 73' lang='lat' dir='ltr'>acl</span> <span class='ocrx_word' id='word_1_445' title='bbox 284 2273 307 2290; x_wconf 80' lang='lat' dir='ltr'>v.</span> <span class='ocrx_word' id='word_1_446' title='bbox 324 2267 374 2291; x_wconf 76' lang='lat'>(358</span> <span class='ocrx_word' id='word_1_447' title='bbox 395 2265 506 2291; x_wconf 86' lang='lat' dir='ltr'>Faciem</span> <span class='ocrx_word' id='word_1_448' title='bbox 526 2265 661 2299; x_wconf 85' lang='lat' dir='ltr'>mutatus]</span> <span class='ocrx_word' id='word_1_449' title='bbox 682 2266 749 2291; x_wconf 86' lang='lat' dir='ltr'>nota</span> <span class='ocrx_word' id='word_1_450' title='bbox 765 2264 1004 2299; x_wconf 81' lang='lat' dir='ltr'>...perissologia</span> <span class='ocrx_word' id='word_1_451' title='bbox 1019 2267 1068 2292; x_wconf 89' lang='lat' dir='ltr'>est.</span> <span class='ocrx_word' id='word_1_452' title='bbox 1087 2267 1181 2300; x_wconf 73' lang='lat'>121123</span> <span class='ocrx_word' id='word_1_453' title='bbox 1202 2267 1331 2294; x_wconf 86' lang='lat' dir='ltr'>incendat</span> <span class='ocrx_word' id='word_1_454' title='bbox 1350 2277 1398 2293; x_wconf 80' lang='lat' dir='ltr'>om.</span> <span class='ocrx_word' id='word_1_455' title='bbox 1417 2268 1438 2293; x_wconf 78' lang='lat' dir='ltr'><em>C</em></span> <span class='ocrx_word' id='word_1_456' title='bbox 1457 2297 1458 2300; x_wconf 14' lang='grc' dir='ltr'><strong>Ἴ</strong></span> 
     </span>
     <span class='ocr_line' id='line_1_43' title="bbox 181 2299 1457 2336; baseline 0.002 -11"><span class='ocrx_word' id='word_1_457' title='bbox 181 2302 215 2325; x_wconf 77' lang='lat'>24</span> <span class='ocrx_word' id='word_1_458' title='bbox 233 2299 373 2326; x_wconf 76' lang='lat' dir='ltr'>labentem</span> <span class='ocrx_word' id='word_1_459' title='bbox 393 2301 450 2326; x_wconf 88' lang='lat' dir='ltr'>BL</span> <span class='ocrx_word' id='word_1_460' title='bbox 473 2302 482 2334; x_wconf 89' lang='grc' dir='ltr'>ΙΙ</span> <span class='ocrx_word' id='word_1_461' title='bbox 509 2304 542 2326; x_wconf 75' lang='lat' dir='ltr'>2ss</span> <span class='ocrx_word' id='word_1_462' title='bbox 563 2301 600 2326; x_wconf 77' lang='grc' dir='ltr'><strong><em>ιιιΖ</em></strong></span> <span class='ocrx_word' id='word_1_463' title='bbox 619 2309 642 2327; x_wconf 87' lang='lat' dir='ltr'>v.</span> <span class='ocrx_word' id='word_1_464' title='bbox 663 2304 712 2326; x_wconf 88' lang='grc'>661</span> <span class='ocrx_word' id='word_1_465' title='bbox 733 2300 914 2335; x_wconf 61' lang='lat' dir='ltr'>Ambiguam]</span> <span class='ocrx_word' id='word_1_466' title='bbox 934 2301 1016 2327; x_wconf 88' lang='lat' dir='ltr'>modo</span> <span class='ocrx_word' id='word_1_467' title='bbox 1036 2301 1183 2335; x_wconf 80' lang='lat' dir='ltr'>incertam,</span> <span class='ocrx_word' id='word_1_468' title='bbox 1205 2303 1275 2329; x_wconf 82' lang='lat' dir='ltr'>alias</span> <span class='ocrx_word' id='word_1_469' title='bbox 1297 2303 1457 2336; x_wconf 82' lang='lat' dir='ltr'>ambiguam</span> 
     </span>
    </p>

    <p class='ocr_par' dir='ltr' id='par_1_12' title="bbox 209 2336 1155 2370">
     <span class='ocr_line' id='line_1_44' title="bbox 209 2336 1155 2370; baseline 0.004 -10"><span class='ocrx_word' id='word_1_470' title='bbox 209 2356 214 2360; x_wconf 95' lang='lat'>.</span> <span class='ocrx_word' id='word_1_471' title='bbox 235 2357 240 2361; x_wconf 89' lang='lat'>.</span> <span class='ocrx_word' id='word_1_472' title='bbox 260 2337 389 2361; x_wconf 86' lang='lat' dir='ltr'>mentem.</span> <span class='ocrx_word' id='word_1_473' title='bbox 415 2336 438 2361; x_wconf 83' lang='grc' dir='ltr'><em>Ρ</em></span> <span class='ocrx_word' id='word_1_474' title='bbox 455 2338 464 2369; x_wconf 80' lang='grc' dir='ltr'>[Ι</span> <span class='ocrx_word' id='word_1_475' title='bbox 483 2346 575 2362; x_wconf 65' lang='lat' dir='ltr'>nonvn</span> <span class='ocrx_word' id='word_1_476' title='bbox 596 2346 733 2362; x_wconf 29' lang='lat' dir='ltr'>*inruemur</span> <span class='ocrx_word' id='word_1_477' title='bbox 752 2336 833 2362; x_wconf 89' lang='lat' dir='ltr'>modo</span> <span class='ocrx_word' id='word_1_478' title='bbox 853 2336 988 2362; x_wconf 82' lang='lat' dir='ltr'>incertam</span> <span class='ocrx_word' id='word_1_479' title='bbox 1008 2336 1036 2362; x_wconf 87' lang='lat' dir='ltr'>in</span> <span class='ocrx_word' id='word_1_480' title='bbox 1056 2346 1112 2370; x_wconf 81' lang='lat' dir='ltr'>qua.</span> <span class='ocrx_word' id='word_1_481' title='bbox 1133 2338 1155 2364; x_wconf 81' lang='lat' dir='ltr'><strong><em>G</em></strong></span> 
     </span>
    </p>
   </div>
  </div>
 </body>
</html>
