1690 2611
671 111 887 138 PRAEFATIO.
1304 110 1415 136 LXXIX

227 194 256 226 E
286 195 378 226 libris
410 195 547 226 decimi
579 194 724 226 saeculi
753 193 814 224 hoc
841 193 912 224 loco
942 193 1212 224 commemorandi
1241 195 1317 224 sunt
1342 192 1415 234 Lip-

140 249 268 289 siensis,
302 247 560 280 Caroliruhensis
601 248 675 288 116,
708 246 900 288 ReginensiS
937 246 1035 286 1674,
1069 246 1304 277 Laurentianus
1338 246 1417 278 bibl.

140 305 269 334 sanctae
294 303 397 334 crucis
421 302 499 343 plut.
523 301 626 345 XXII,
652 302 679 341 1,
704 299 932 341 Sangallenses
954 300 1016 331 861
1043 302 1074 330 et
1099 300 1172 330 862.

229 356 335 396 Atque
352 355 570 396 Lipsiensis
594 365 660 395 rep.
674 354 689 385 Ι
705 365 735 385 n.
751 352 808 385 36¹³
828 352 921 394 (olim
938 364 1002 393 rep.
1018 352 1054 384 B.
1071 364 1100 384 n.
1120 352 1173 393 18>
1189 353 1223 384 in
1238 354 1301 384 272
1318 365 1416 385 mem—

139 410 249 441 branis
268 409 399 448 formae,
413 409 600 450 quadratae,
621 408 675 439 sed
695 407 828 438 maioris
855 417 1024 438 mensurae
1045 406 1183 446 scriptus
1204 409 1260 437 est.
1298 407 1416 439 bucoli-

140 475 250 495 corum
275 461 507 494 commentario
531 461 586 502 qui
609 461 664 492 fol.
691 461 827 492 12—292
850 461 1033 492 continetur
1056 459 1136 490 haec
1156 459 1311 501 inscripta
1341 464 1416 492 sunt

141 526 268 549 INCIPIT
294 523 518 548 EXPLANATIO
547 523 659 547 SERVII
684 523 780 545 GRAM
804 523 839 545 IN
864 506 1016 545 BVCOLIE
1043 522 1087 543 ET
1116 521 1327 544 GEORGICON.
1361 514 1416 545 fol.

141 570 198 602 29¹³
223 574 254 602 et
278 570 334 602 fol.
359 570 401 601 30
425 568 582 611 quaedam
606 568 643 599 de
672 568 771 599 variis
800 570 986 608 poematum
1016 566 1201 608 generibus,
1230 566 1267 597 de
1297 567 1417 599 heroici

141 635 251 655 versus
276 623 429 663 caesuris,
454 622 492 653 de
515 621 701 653 nominibus
726 632 832 652 rerum
857 622 990 661 quartae
1011 620 1236 651 declinationis
1262 622 1293 650 et
1317 622 1417 662 parti-

141 678 233 718 cipiis
256 676 425 718 praeteriti
448 676 605 716 temporis
631 674 683 718 (ex
700 675 857 707 Prisciani
882 674 992 715 partIt.
1007 673 1070 704 XII
1084 684 1166 705 vers,
1202 674 1279 705 Aen.
1300 686 1328 715 p.
1344 675 1418 715 463,

144 732 182 762 18
198 730 265 772 K),
288 731 326 762 de
351 739 461 772 georg.
485 729 501 760 I
524 730 589 760 220
610 740 677 770 sqq.
706 729 794 760 nullo
825 719 939 760 ordine
967 728 1090 769 scripta
1119 729 1238 758 extant.
1268 738 1348 768 quae
1378 727 1417 758 ad

140 785 314 826 georgicon
338 795 448 815 versus
472 783 635 823 pertinent
660 794 717 814 suo
733 785 877 823 tempore
892 781 1048 823 Hagenus
1069 781 1147 812 edet.
1186 781 1241 812 fol.
1257 780 1417 812 312—721’

141 839 367 880 georgicorum
399 837 666 869 commentarium
695 837 818 867 habent
852 837 902 867 cui
932 835 1150 876 subscriptum
1180 837 1228 866 est
1256 844 1417 866 EXPLICIT

140 901 244 923 LIBER
268 900 437 930 QVARTVS.
461 900 572 922 AMEN:
604 899 742 922 OTRIRF.
766 899 799 921 D.
829 889 883 920 sed
912 889 993 920 duae
1021 889 1148 920 lItterae
1178 891 1342 920 extremae
1372 889 1418 919 in-

141 946 253 977 ductae
280 948 368 986 sunt,
399 946 435 975 ut
462 944 556 975 lectio
586 945 709 975 incerta
736 944 787 975 sit.
829 943 884 974 fol.
915 943 969 974 73³
1000 951 1131 973 INCIPIT
1160 951 1263 973 LIBER
1292 951 1417 974 PRIMVS

141 1008 317 1031 AENEIDOS
342 1008 378 1030 IN
398 1006 622 1029 EXPONENDIS
643 1006 860 1028 AVCTORIBVS
881 1005 971 1027 HAEC
993 1004 1266 1027 CONSIDERANDA
1288 1004 1373 1027 SVNT
1394 1006 1419 1026 e.

141 1065 169 1095 q.
194 1064 218 1084 s.
242 1051 394 1083 Aeneidis
420 1051 651 1082 commentario
676 1050 730 1082 fol.
754 1050 834 1081 272³
857 1049 1076 1090 subscriptum
1098 1052 1146 1081 est
1171 1058 1334 1081 EXPLICIT
1360 1058 1418 1080 Ex-

141 1114 276 1138 POSICIO
307 1114 420 1137 SERVII
456 1114 645 1136 GRAMATICI
682 1113 717 1135 IN
753 1111 953 1135 ssVCOLICON
982 1112 1026 1133 ΕΤ
1056 1112 1077 1134 L
1111 1129 1147 1135 ..
1173 1129 1179 1135 .
1215 1111 1418 1134 GEORGICON

140 1168 254 1198 ATQVE
264 1168 465 1190 AENEADVM.
486 1170 504 1189 a
514 1158 661 1199 pluribus
673 1157 887 1198 librariis7qui
899 1159 1007 1188 tamen
1020 1157 1117 1188 simili
1130 1157 1289 1188 scribendi
1302 1167 1418 1198 genere

140 1214 191 1244 usi
207 1215 303 1253 sunt,
327 1212 426 1243 codex
451 1214 599 1243 exaratus
625 1215 682 1243 est.
724 1212 878 1243 lemmata
907 1210 1093 1241 maiusculis
1118 1211 1307 1252 plerumque
1331 1210 1416 1241 litte-

140 1267 183 1298 ris
207 1267 256 1298 illi
281 1266 487 1307 scripserunt.
529 1265 698 1297 undecimo
723 1265 851 1296 saeculo
883 1265 971 1305 prior
996 1265 1154 1305 scriptura
1178 1276 1196 1296 a
1221 1265 1359 1304 duobus,
1383 1266 1419 1294 ut

140 1321 280 1361 videtur,
304 1319 490 1351 hominibus
516 1322 659 1351 correcta
684 1321 747 1350 est:
772 1319 868 1359 alter,
892 1319 981 1350 cuius
1006 1319 1133 1350 litterae
1154 1318 1318 1349 breviores
1344 1319 1418 1348 sunt

140 1376 173 1406 et
205 1373 407 1416 graciliores,
436 1375 468 1404 et
495 1373 530 1404 in
561 1375 713 1404 contextu
754 1383 819 1403 non
848 1372 936 1403 nulla
967 1372 1119 1411 mutavit,
1149 1374 1179 1402 et
1210 1372 1243 1402 in
1272 1371 1418 1411 margine

142 1429 333 1469 argumenta
353 1426 549 1458 scholiorum
566 1426 857 1466 adnotationesque
873 1425 1043 1466 quasdam,
1064 1425 1179 1465 quibus
1196 1423 1299 1455 Servii
1318 1424 1418 1455 verba

142 1481 391 1522 explicarentur,
417 1479 544 1520 adiecit3
570 1480 651 1511 alter
667 1491 683 1510 e
703 1480 786 1510 libro
807 1479 1025 1520 Frisingensis
1042 1478 1142 1509 simili
1157 1480 1189 1509 et
1213 1478 1247 1509 in
1271 1478 1418 1519 margine

141 1536 174 1565 et
194 1545 291 1575 supra
318 1544 447 1564 versum
475 1533 651 1574 permultas
682 1533 857 1574 scripturas
887 1533 1018 1563 invexit.
1059 1533 1092 1563 in
1117 1532 1229 1563 CrItico
1258 1543 1417 1563 commen-

141 1588 223 1618 tario
252 1597 317 1618 non
347 1587 460 1627 putavi
485 1587 600 1618 horum
625 1589 842 1618 correctorum
871 1597 984 1617 manus
1014 1586 1098 1616 inter
1130 1597 1163 1616 se
1192 1585 1418 1616 discernendas

141 1652 223 1682 esse,
247 1652 322 1672 nam
347 1651 427 1681 quae
457 1640 589 1672 alterius
614 1642 689 1671 sunt
713 1639 929 1681 Frisingensis
955 1639 1164 1670 similitudine
1190 1639 1282 1670 facile
1307 1638 1418 1680 digno-

142 1696 282 1726 scuntur.
324 1693 446 1725 accedit
478 1694 562 1735 quod
594 1694 688 1724 unius
720 1693 771 1724 vel
803 1704 977 1733 paucarum
1009 1693 1191 1723 litterarum
1220 1693 1418 1723 mutationes

142 1749 206 1779 utri
229 1748 418 1779 tribuendae
447 1748 512 1779 sint
537 1758 630 1788 saepe
659 1747 816 1778 incertum
842 1748 897 1777 est.
940 1748 1107 1787 praeterea
1136 1758 1234 1777 manu
1263 1746 1341 1777 satis
1371 1756 1417 1776 re-

142 1801 226 1832 centi
248 1801 386 1833 leviores
411 1801 567 1842 quosdam
591 1800 799 1832 librariorum
832 1811 955 1831 errores
986 1800 1132 1831 sublatos
1159 1811 1228 1832 esse
1251 1799 1326 1830 vidi.
1369 1810 1418 1830 co-

142 1855 245 1886 dicem
268 1855 302 1885 in
326 1853 499 1885 Germania
523 1854 679 1895 scriptum
704 1856 760 1885 aut
784 1856 869 1884 certe
894 1853 1064 1884 undecimo
1090 1855 1121 1884 et
1145 1853 1328 1894 insequenti
1352 1864 1417 1884 sae-

142 1908 213 1939 culo
238 1908 271 1939 in
286 1907 477 1939 Germaniae
493 1908 600 1949 aliquo
627 1907 823 1939 monasterio
850 1906 1056 1938 adservatum
1081 1917 1150 1937 esse
1171 1906 1298 1947 glossae
1324 1917 1419 1947 quae-

143 1960 216 1992 dam
246 1961 285 1992 ad
312 1960 532 1992 bucolicorum
561 1963 593 1992 et
622 1960 847 2002 georgicorum
877 1960 1126 1991 commentarios
1155 1960 1188 1991 in
1216 1960 1418 2001 marginibus

142 2014 324 2055 adscriptae
349 2014 535 2055 ostendunt,
560 2014 675 2055 quibus
700 2014 820 2045 latinae
844 2024 938 2044 voces
969 2013 1162 2055 germanicis
1187 2013 1343 2054 adpositis
1368 2024 1418 2044 ex-

142 2068 312 2109 plicantur.
353 2068 455 2099 veluti
479 2068 518 2098 ad
538 2067 608 2098 buc.
624 2067 655 2098 II
676 2067 812 2098 51haee
837 2067 992 2097 adnotata
1017 2069 1092 2097 sunt
1115 2067 1199 2098 cidea
1220 2076 1316 2107 {senus
1329 2076 1419 2106 pomo

141 2122 222 2161 quod
244 2121 385 2153 teutonica·
404 2122 509 2152 dieunt
531 2119 717 2162 quodicnffl)
741 2130 809 2151 seue
827 2121 954 2160 persici,
979 2120 1018 2150 ad
1043 2120 1114 2153 buc.
1135 2119 1182 2151 IV
1198 2120 1239 2151 62
1261 2119 1329 2161 (fol.
1348 2117 1418 2159 13¹³)

141 2174 331 2206 absinthium
353 2177 397 2206 est
418 2175 489 2206 arba
512 2184 624 2205 amara
646 2173 723 2206 satis
747 2183 823 2213 quae
847 2173 992 2204 theodisca
1015 2176 1144 2204 uocatur
1166 2174 1354 2209 mcerimoda,
1379 2171 1417 2202 ad

233 2299 258 2332 1)
277 2297 359 2324 huius
379 2298 454 2324 vocis
474 2298 558 2324 lectio
578 2296 685 2324 incerta
704 2298 753 2324 est.
788 2305 852 2323 nam
871 2305 922 2330 pro
942 2297 969 2324 ic
988 2296 1090 2323 litteris
1109 2296 1242 2323 adnotavi
1262 2295 1317 2329 legi
1337 2302 1417 2329 posse

143 2340 167 2364 et
185 2337 230 2364 vel
249 2346 277 2364 ec
294 2338 339 2364 vel
359 2347 398 2365 ae.

197 2387 269 2406 Servii
283 2393 361 2407 comm.
376 2388 426 2408 Vol,
441 2388 458 2407 I.
480 2388 544 2408 Fuso.
560 2388 590 2408 11.
1196 2380 1208 2406 f
