1690 2611
462 97 574 125 COMM.
593 98 633 124 IN
651 97 758 125 VERG.
778 97 860 123 AEN.
881 97 927 123 ΙΙΙ.
948 99 1096 138 5395551.
1346 93 1412 125 435

138 179 230 211 deam
262 182 425 221 precatur,
459 191 653 221 quamquam
681 179 742 210 hoc
771 189 897 220 quoque
926 179 1085 219 templum
1114 180 1220 210 visum
1248 179 1288 209 ad
1318 189 1412 209 omen

138 233 309 273 pertineat.

226 286 300 317 545.
338 299 465 318 mmmm
494 299 629 318 mmlx-R
653 299 764 328 „amc-Ty
788 286 868 317 sieut
894 286 1007 316 (lictum
1031 287 1073 316 est
1096 286 1202 325 <407>
1221 287 1346 325 propter
1369 286 1412 316 ri-

136 350 205 371 sum
229 340 274 371 vel
296 339 465 370 Diomeden
488 340 534 371 vel
548 339 686 377 'Ulixem
709 340 831 378 qnando
854 340 881 370 ei
904 339 1086 370 Palladium
1108 339 1261 369 reddc'tmn.
1285 341 1335 370 est.

227 393 300 423 546.
338 405 474 424 vaomar
496 405 573 428 ριἈΕ
595 405 710 424 mmm
741 392 786 423 vel
811 395 938 432 propter
968 394 1059 432 caput
1089 392 1263 432 zelandum,
1297 392 1342 423 rel
1372 392 1414 422 ad
1432 397 1446 419 5

137 446 217 476 illud
232 446 366 485 pertinet
380 446 484 485 <435>
499 447 580 485 qnod
601 447 647 477 ait
664 456 803 485 proque
826 445 992 476 omnibus
1017 455 1124 476 uuum
1143 446 1336 484 praedico:
1360 444 1414 475 hoc

139 502 182 529 est
207 502 239 530 ut
260 499 406 539 supplicet
419 499 544 530 Iunoni.
613 507 776 529 DEDERAT
796 507 888 536 QVAE
908 507 1043 529 ΜΑΧΙΜΑ
1070 501 1106 529 ut
1128 509 1273 539 proque
1299 498 1412 529 omni-

138 552 206 582 bus
231 563 343 583 unum
368 552 556 592 praedico.
646 561 728 582 RITE
748 554 843 593 recte,
868 551 1041 582 seeundum
1066 552 1178 582 ritum:
1202 551 1286 582 unde
1311 551 1413 591 sequi-

140 607 192 635 tur
217 604 382 646 “perfectis
407 605 520 636 ordine
546 604 654 636 votis’.
1384 596 1388 601 ³

227 659 300 689 547.
337 667 457 689 IVNONI
481 667 634 689 ARGIVAE
660 658 693 689 id
717 659 767 689 est
790 668 936 699 magnae,
961 660 995 689 ut
1020 658 1126 699 <437>
1152 658 1312 689 Iunonis
1337 669 1413 688 ma—
1435 662 1466 684 10

138 722 249 751 gnae:
273 714 328 742 aut
353 712 494 743 inimicae
518 712 672 743 Troianis.

227 766 300 796 548.
338 775 435 797 HAVD
460 775 556 797 MORA
582 773 758 797 CONTINVO
784 775 882 795 unum
907 765 944 795 de
969 764 1020 795 his
1047 765 1259 804 [sermonibus]
1285 767 1386 796 vacat.

228 818 301 849 549.
345 832 518 851 rumim-M
539 819 613 858 quia
636 821 797 849 antemnae
819 818 973 849 'involutae
995 821 1068 849 sunt
1086 818 1156 855 Telo,
1180 819 1214 849 viu?
1230 821 1273 849 est
1290 819 1412 849 relalae.

138 874 167 902 et
189 874 231 902 est
253 882 356 903 versus
378 873 573 912 spondiazon.

227 925 300 956 550.
338 933 640 963 GRAIVGENVMQVE
673 934 790 957 DOMOS
823 926 868 956 sic
899 928 948 956 est
975 924 1110 965 dictum,
1142 925 1411 966 quemadmodum
1432 928 1463 951 15

138 978 244 1017 <359>
268 977 495 1019 Troiugena.
542 982 574 1009 et
604 979 767 1010 sciendum
797 979 945 1009 sacrificii
973 980 1101 1009 tantum
1131 989 1227 1009 causa
1256 989 1310 1009 eos
1340 978 1413 1009 teti-

138 1031 224 1071 gisse
240 1030 435 1072 Calabriam,
456 1033 509 1063 ubi
529 1032 678 1064 dicuntur
698 1033 858 1073 accepisse
874 1031 1064 1072 Palladium,
1088 1033 1166 1063 sicut
1179 1031 1286 1072 <407>
1301 1032 1414 1063 dicium

138 1087 192 1121 est,
226 1095 244 1115 a
268 1083 423 1116 Diomede
452 1085 503 1116 vel
534 1086 573 1116 ab
599 1085 708 1116 Ulixe:
741 1096 799 1116 nec
824 1085 974 1116 inmerito
999 1085 1179 1126 dubitatur3
1212 1087 1249 1116 ut
1273 1086 1358 1116 enim
1382 1085 1414 1115 in

139 1137 277 1168 seeundo
302 1138 409 1178 <166>
434 1138 581 1179 legimus,
606 1139 700 1170 ambo
724 1141 908 1180 rapuerunt.
957 1137 1085 1169 ‘domos’
1110 1141 1211 1169 (tutem
1237 1139 1313 1179 ideo,
1337 1139 1417 1177 qnod
1466 1133 1473 1138 ’

138 1190 275 1221 Helenus
298 1191 405 1231 <398>
429 1194 560 1223 cuncta
583 1192 694 1223 'malis
716 1192 937 1223 habitantur
961 1192 1100 1222 moenia
1127 1191 1250 1223 Grais.
1434 1194 1467 1216 ‘30

226 1244 300 1275 551.
337 1253 514 1275 HERcvnm
545 1254 576 1276 s1
608 1254 699 1276 VERA
732 1254 794 1276 EST
827 1254 922 1276 FAMA
956 1254 1107 1276 TAREN‘rr
1129 1245 1237 1284 fabula
1262 1245 1333 1276 talis
1357 1247 1415 1276 est:

139 1296 283 1328 Lacones
309 1299 341 1328 et
365 1297 579 1329 Athenienses
605 1298 658 1328 diu
683 1298 768 1330 inter
793 1309 826 1329 se
850 1298 935 1329 bella
960 1300 1150 1338 tractarunt,
1175 1300 1207 1328 et
1231 1309 1303 1329 cum
1332 1300 1415 1329 utra-

139 1361 200 1390 que
219 1361 294 1390 pars
316 1350 532 1392 adfligeretur,
556 1350 709 1392 Lacones,
728 1351 844 1392 quibus
864 1351 1012 1382 iuventus
1033 1351 1151 1392 deerat,
1175 1353 1416 1391 praeceperunt,

141 1405 176 1434 ut
195 1403 337 1444 virgines
357 1414 428 1434 cum
449 1404 703 1445 quibuscumque
719 1405 976 1435 concumberent.
1012 1404 1135 1435 factum
1151 1406 1199 1434 est
1218 1404 1273 1443 ita,
1298 1406 1329 1434 et
1344 1415 1415 1434 eum

142 1458 215 1497 post
239 1456 352 1487 sedata
374 1456 461 1487 bella
484 1456 633 1487 iuventus
658 1457 789 1487 incertis
813 1457 1001 1497 parentibus
1025 1459 1112 1498 nata,
1137 1459 1168 1488 et
1188 1457 1312 1497 patriae
1333 1458 1415 1495 [eru-
1435 1460 1468 1482 25

142 1507 301 1548 beseeret]
327 1511 359 1540 et
384 1509 445 1540 sibi
470 1512 556 1541 esset
580 1509 767 1550 obprobrio:
792 1521 866 1541 nam
891 1510 1114 1551 partheniatae
1139 1509 1341 1547 dicebantur:
1366 1521 1415 1540 ae-

212 1608 227 1631 8
246 1605 298 1631 rite
319 1606 392 1631 recte
413 1613 435 1631 e.
456 1614 480 1638 q.
502 1606 535 1639 3.]
557 1605 590 1632 cf.
612 1606 698 1631 Varro
719 1605 752 1631 de
771 1605 789 1631 1.
809 1606 826 1632 l.
846 1605 898 1631 VII
918 1606 1021 1638 881122
1042 1606 1165 1632 Lacones
1185 1607 1213 1631 et
1232 1606 1416 1632 Athenienses

142 1649 165 1667 e.
186 1649 211 1674 q.
232 1641 266 1675 s.]
287 1641 320 1667 cf.
342 1641 417 1668 Serv.
437 1641 473 1667 ad
491 1649 585 1675 georg.
606 1641 642 1667 IV
663 1644 713 1667 126
734 1643 762 1667 et
781 1642 918 1675 mythogr.
940 1642 951 1667 I
971 1644 1030 1668 ⁵206.
1069 1641 1132 1667 Isid.
1153 1649 1190 1668 or.
1211 1641 1249 1667 lx
1268 1645 1292 1675 2,
1312 1645 1344 1668 81

215 1741 227 1763 1
249 1738 330 1764 deam
348 1747 398 1765 om.
417 1738 447 1764 F
472 1740 481 1771 11
509 1739 689 1773 quamquam]
714 1748 768 1765 non
789 1738 934 1772 praemisit
953 1740 1015 1766 add.
1035 1739 1099 1765 LH
1117 1740 1176 1772 (del.
1197 1740 1215 1771 I)
1249 1739 1334 1766 etiam
1354 1740 1415 1765 add.

144 1774 228 1799 MEl
251 1775 260 1807 11
283 1782 391 1806 quoque
411 1782 460 1800 om.
482 1775 515 1800 M
539 1776 548 1807 11
571 1778 587 1800 4
607 1774 781 1808 pallundium
801 1774 830 1800 Ι·Ἴ
851 1776 860 1807 11
885 1778 899 1799 5
920 1775 956 1800 (κῑ
974 1775 1097 1800 maxima.
1115 1783 1190 1808 supr.
1212 1784 1275 1801 vers.
1297 1775 1417 1801 maxima

142 1809 201 1835 uel.
214 1831 219 1835 .
233 1818 329 1835 ,unum
352 1809 376 1834 T
396 1810 404 1842 11
426 1813 440 1835 6
460 1810 540 1835 illum
559 1810 588 1835 F
607 1812 616 1843 11
639 1810 712 1843 quod
733 1810 772 1835 ait
791 1818 840 1836 om.
864 1810 887 1835 T
904 1811 913 1843 11
935 1814 948 1836 T
969 1820 1101 1837 pennum.
1114 1811 1274 1844 ..praedico
1293 1819 1343 1836 om.
1364 1811 1393 1836 F

142 1852 264 1877 praeque
284 1853 316 1870 esc
335 1853 439 1878 proque
458 1845 483 1870 L
508 1853 645 1878 praequae
665 1845 694 1870 E
713 1847 827 1878 (proque
847 1847 869 1878 e)
884 1846 893 1878 11
914 1849 944 1871 12
966 1846 1138 1875 sermonibus
1157 1847 1218 1872 hab.
1240 1846 1333 1879 011αι1
1353 1846 1417 1872 ado-

143 1880 230 1905 lemus
249 1888 324 1913 supr.
346 1889 409 1906 vers.
434 1889 567 1913 augemus
586 1880 727 1906 reddimus
749 1881 773 1906 Τ
799 1882 808 1914 11
835 1881 928 1915 vacat]
951 1881 1042 1907 ‘haud
1061 1890 1138 1907 mora
1158 1881 1307 1908 continuo’
1329 1882 1418 1915 figura

144 1919 185 1941 est
205 1913 235 1941 ἐκ
255 1913 432 1948 παραλλήλου
456 1916 532 1941 dicta
550 1924 583 1941 ex
602 1918 699 1942 mutua
718 1917 746 1942 et
765 1916 884 1942 inuicem
905 1916 1094 1942 declaratione
1115 1918 1177 1943 add⁴
1196 1917 1226 1942 D
1240 1918 1248 1950 11
1265 1920 1296 1942 13
1316 1918 1352 1942 ad
1373 1926 1416 1942 ve-

144 1951 264 1976 latarum
283 1959 359 1983 supr.
378 1959 443 1976 vers.
471 1952 498 1976 et
522 1951 676 1977 uelatarum
702 1953 848 1984 propterea
873 1952 941 1977 dicit
960 1952 1025 1984 quia
1037 1974 1041 1978 .
1055 1973 1060 1978 .
1074 1973 1078 1978 .
1090 1953 1143 1978 hoc
1162 1954 1205 1978 est
1224 1953 1342 1978 uelatae.
1382 1953 1418 1978 cul

144 1986 325 2011 antennarum
350 1987 381 2011 rin
404 1994 491 2019 mai-9.
517 1987 668 2019 antempna
691 1987 798 2020 lignum
822 1991 1010 2013 transuersum
1033 1987 1061 2012 in
1081 1988 1156 2013 malo
1175 1987 1254 2013 nauis
1275 1996 1325 2021 per
1344 1987 1418 2020 quod

143 2021 305 2047 extenditur
328 2021 421 2046 uelum
450 2021 558 2047 dicitur.
592 2023 740 2055 antempna
764 2022 838 2054 quod
863 2024 927 2048 ante
952 2031 1061 2048 amnem
1083 2022 1114 2048 T.
1153 2024 1186 2054 cf.
1207 2023 1274 2049 Isia,
1296 2032 1334 2049 or.
1355 2023 1418 2048 XIX

144 2060 169 2089 2,
194 2060 207 2082 7
226 2057 234 2090 11
251 2060 283 2082 14
303 2056 469 2090 spondation
489 2056 518 2082 F
530 2057 539 2089 11
555 2060 586 2082 16
607 2057 723 2082 siciendi
741 2057 770 2082 F
797 2057 902 2083 sciendi
923 2057 945 2083 C
957 2058 966 2091 11
982 2061 1012 2083 17
1034 2057 1135 2083 dicitur
1154 2058 1196 2084 El
1217 2059 1355 2090 (dicuutur
1374 2062 1396 2087 c)

146 2092 218 2118 sicut
238 2092 342 2118 dictum
362 2093 403 2118 est
422 2093 482 2118 hab.
504 2091 526 2118 C
557 2093 566 2124 11
595 2095 626 2118 18
647 2092 682 2118 ab
701 2101 750 2118 om.
770 2092 826 2118 FO
856 2093 865 2125 11
899 2096 930 2118 19
950 2094 1102 2126 rapuerant
1120 2093 1215 2119 LHE
1237 2094 1245 2127 11
1269 2094 1305 2119 ad
1324 2102 1346 2119 v.
1368 2096 1418 2118 550

148 2127 218 2153 dicit
237 2136 349 2154 causam
374 2136 422 2153 cur
445 2127 616 2153 mutauerint
634 2127 754 2161 nauigia.
793 2129 821 2153 et
839 2128 935 2154 domos
954 2128 1018 2154 ideo
1038 2128 1106 2153 dicit
1123 2130 1237 2162 propter
1256 2129 1326 2154 illud
1346 2128 1419 2161 quod

145 2163 261 2189 helenus
281 2163 352 2189 dixit
371 2164 483 2189 cuncta.
495 2184 500 2189 .
512 2163 631 2196 ‚graecis
653 2163 683 2188 T.
721 2163 819 2189 dicit..
832 2163 958 2196 ,nauigia
980 2163 1083 2189 Tiberii
1101 2164 1208 2190 Donati
1227 2167 1290 2190 sunt
1310 2165 1319 2197 11
1339 2167 1370 2189 22
1391 2166 1419 2189 et

145 2206 194 2224 om.
214 2198 272 2224 FC
293 2200 301 2231 11
325 2201 358 2224 24
378 2199 410 2224 ut
428 2206 476 2224 om.
497 2198 519 2224 0
541 2199 550 2231 11
573 2198 613 2224 ita
633 2199 661 2224 et
682 2198 716 2224 F.
737 2198 897 2224 ‚Schoenitas-.-
916 2200 948 2224 ut
966 2201 994 2225 et
1014 2198 1077 2224 LH
1106 2201 1138 2225 ut
1156 2199 1289 2225 FOME
1306 2202 1314 2232 11
1339 2202 1371 2224 25
1392 2201 1420 2224 et

144 2234 251 2266 patriae
273 2234 339 2260 LM
367 2235 395 2260 et
413 2233 533 2267 patriam
559 2233 616 2259 FC
651 2234 680 2259 et
704 2233 777 2267 patri
801 2234 866 2259 ΗΕ
883 2235 892 2267 11
916 2234 1090 2260 erubesceret
1109 2243 1157 2261 om.
1180 2235 1240 2261 Me.
1277 2235 1383 2260 videtur
1407 2242 1420 2259 e

145 2270 278 2295 Serviano
297 2270 334 2295 ad
352 2278 440 2303 yeory.
450 2269 486 2294 IV
500 2272 549 2294 12ss
569 2269 668 2295 scholio
686 2269 738 2295 hue
757 2270 874 2295 inlatum
893 2277 958 2295 esse:
978 2278 1140 2303 quamquam
1154 2271 1269 2302 fortasse
1283 2272 1311 2295 et
1325 2271 1419 2302 patres

146 2306 319 2332 erubesceret
338 2305 449 2331 »Servius
467 2305 577 2338 scripsit

1154 2349 1207 2375 28*
