1690 2611
223 100 288 131 594
798 99 918 126 SERVII

313 182 363 213 34.
402 190 444 212 ET
470 190 615 212 TANDEM
639 192 755 213 vacans
779 181 938 223 particula
962 184 1012 213 est
1037 181 1208 223 etandeni',
1237 184 1273 213 ut
1296 182 1332 223 <Ι
1355 183 1440 224 331>
1465 185 1502 215 et

225 248 296 278 quo
322 235 390 267 sub
416 235 520 266 caelo
545 235 711 267 tandem:
735 247 811 267 nam
830 246 885 267 cur
905 234 1078 276 ‘tandem’‚
1102 246 1173 266 cum
1192 235 1278 267 dicat
1297 235 1417 268 ‘fertur
1439 237 1503 269 cita

225 289 355 331 gurgite
381 288 531 320 elassis’?
555 291 611 319 aut
633 287 788 320 ‘tandem’
816 289 877 320 ideo
901 289 976 330 qnia
999 288 1215 329 naviyantibus
1244 290 1335 321 etiam
1364 291 1425 322 cita
1446 302 1501 322 na·-

225 343 337 384 viyatio
361 343 451 374 tarda
475 342 612 373 videtur:
636 344 691 373 aut
716 341 868 374 ‘tandem’
887 341 1037 382 periculis
1061 342 1189 374 liberati.
1285 356 1374 375 Lam
1393 345 1446 384 qui
1468 345 1503 376 in

192 406 206 427 5
227 400 356 436 tempore
380 398 550 436 tempestate
573 396 749 428 caruissent.
837 408 931 428 NOTAE
952 397 1041 427 notae
1062 395 1203 434 harenae,
1226 397 1269 428 ad
1289 399 1395 428 notam
1417 397 1503 430 harc-

227 460 309 481 nam.
347 452 374 481 et
397 452 501 481 utrum-
530 449 649 481 ‘notae’
673 450 777 481 dulci?
808 459 851 480 an
880 449 954 489 quia
984 449 1048 480 iam
1076 449 1119 480 ibi
1144 449 1292 488 fuerant?
1320 453 1354 481 ut
1381 450 1417 491 <1
1441 450 1504 491 34>

199 510 201 512 ’
228 503 296 535 ‘vise
318 514 333 535 e
355 506 512 544 conspeetu
535 503 658 535 Similae
682 503 799 534 telluris
822 503 856 534 in
880 501 1004 534 altum’.

316 558 367 589 35.
407 569 532 589 excuso
555 559 659 588 utrum
679 553 731 588 ἀν’
755 553 851 597 ὑφέν,
876 567 918 587 an
939 556 985 588 ‘ex
1003 556 1089 588 celso’
1104 567 1165 597 pro
1184 556 1343 589 ‘excelso'.?
1407 566 1505 589 MlRA-

229 620 292 643 rvs
316 611 344 642 is
369 611 424 653 qui
448 611 642 642 mirabatur:
668 612 723 642 aut
748 612 832 641 certe
862 609 1016 641 ‘miratus
1041 610 1205 642 oeeurrit'.
1251 613 1278 642 et
1300 611 1370 643 bene
1398 614 1505 652 tempe-

178 674 208 696 10
228 668 295 697 rato
320 676 394 697 usus
417 667 460 697 est
482 665 577 702 verbo,
601 675 638 695 ne
660 664 811 695 videretur
830 666 886 695 aut
904 664 993 704 quasi
1012 663 1208 704 inhospitalis
1226 665 1330 704 dolere,
1350 667 1406 697 aut
1423 665 1506 697 exul-

229 722 293 750 tare
316 720 376 750 roti
398 719 517 750 nescius
542 718 757 750 Troianorum.

318 772 369 804 37.
406 780 583 804 HORRIDVS
606 771 771 802 terribilis.
863 784 896 803 liv
916 783 1031 803 menis
1053 772 1087 803 in
1110 771 1223 804 hastis:
1251 772 1378 805 Ennius
1402 773 1509 804 leves-

229 837 293 867 que
316 828 489 858 secuntur
520 827 556 857 in
583 825 708 857 hastis.
800 833 995 857 LIBYSTIDIS
1028 833 1139 857 VRSAE
1175 827 1231 857 aut
1264 837 1297 858 re
1331 837 1419 858 vera:
1454 827 1510 858 aut

230 880 317 912 ferae
342 879 525 919 Africanae,
548 879 582 911 id
604 881 647 910 est
670 879 764 910 lconis
787 881 843 909 aut
859 879 964 919 pardi.

180 942 211 965 15
320 933 371 965 39.
409 945 468 965 ivoiv
484 945 616 964 Jivnfflton
643 932 739 964 litotes
761 933 871 973 figura.

319 987 371 1018 40.
412 999 564 1018 susurre
589 986 715 1026 quidam
740 985 902 1026 ‘yratatur'
926 996 988 1018 non
1004 986 1192 1027 9ratulatur,
1215 987 1267 1019 secl
1284 987 1416 1019 laetatur
1434 988 1510 1019 acci-

225 1042 332 1082 piunt,
358 1043 401 1078 nt,
430 1041 511 1080 quod
533 1040 575 1071 ad
599 1039 805 1071 Troianorum
829 1042 931 1072 votnm
948 1041 1094 1082 pertinet,
1122 1041 1281 1073 miseretur
1304 1041 1346 1072 ad
1368 1040 1511 1072 Siciliam

233 1105 370 1135 reversos,
394 1095 475 1134 quod
496 1094 539 1125 ad
559 1103 650 1125 suum
673 1094 822 1132 munium,
843 1094 984 1134 yaudeat.
1031 1094 1185 1127 Pacuvius
1208 1095 1243 1126 in
1266 1095 1440 1126 Hermiona
1457 1094 1511 1126 hoc

232 1149 354 1181 rerbmn
373 1148 479 1188 posuit
509 1147 565 1178 ibo
596 1149 704 1187 atquc
736 1148 868 1186 dicam,
899 1148 1110 1188 frequentes
1141 1151 1181 1180 ut
1210 1151 1294 1180 eant
1321 1151 1512 1189 yratatum

180 1211 214 1234 ‘20
233 1203 384 1243 hospiti,
408 1202 522 1233 Accius
545 1200 700 1241 Pelopidis
722 1211 784 1232 nec
812 1201 880 1232 tibi
907 1212 959 1232 me
989 1202 1027 1233 in
1059 1201 1125 1233 hac
1156 1212 1194 1233 re
1223 1202 1373 1243 yratari
1405 1202 1511 1234 decet.

233 1257 359 1297 quidam
384 1258 484 1287 tamen
508 1254 730 1295 reprehendunt
752 1255 832 1295 qnod
848 1256 975 1295 penitus
998 1265 1061 1287 non
1084 1256 1198 1287 dederit
1215 1255 1304 1287 verba
1324 1256 1427 1288 Acesti
1442 1266 1512 1296 yra-

235 1311 356 1342 tzdanti.
434 1321 564 1341 armeus
586 1309 701 1340 salvos:
726 1308 802 1340 alibi
825 1308 860 1349 <1
885 1309 970 1349 397>
993 1311 1033 1340 ut
1054 1309 1201 1341 reduces
1224 1309 1286 1341 illi
1310 1309 1449 1341 ludunt.

235 1372 326 1395 GAZA
350 1372 497 1395 AGRESTI
523 1362 638 1404 opibus
662 1362 849 1394 rusticanis:
874 1373 950 1393 nam
975 1373 1055 1404 gaza
1080 1363 1185 1394 omnis
1209 1362 1333 1394 fructus
1359 1364 1416 1394 est.

324 1418 376 1449 42.
414 1425 565 1449 STELLAS
590 1425 751 1448 FVGARAT
775 1417 900 1457 poetice
932 1416 1026 1448 dixit:
1055 1427 1130 1448 nam
1155 1417 1182 1448 si
1211 1416 1325 1448 stellae
1354 1428 1373 1447 a
1401 1417 1514 1449 stando

182 1480 215 1503 25
235 1472 339 1504 (lictae
364 1473 448 1512 suut,
471 1482 537 1502 nou
560 1470 728 1512 fugantur3
755 1480 880 1511 semper
905 1470 991 1501 enim
1010 1470 1092 1502 fixae
1113 1472 1187 1501 sunt
1211 1472 1338 1511 praeter
1357 1470 1514 1511 planetas.

235 1528 262 1557 et
285 1528 328 1557 est
350 1526 535 1556 indicativus
558 1525 665 1556 modus
683 1534 742 1564 pro
766 1524 971 1556 coniunctim:
996 1534 1064 1555 cum
1086 1524 1222 1564 fugasset
1245 1526 1438 1564 tempestates.

325 1579 376 1610 43.
415 1592 504 1610 cmm
526 1591 593 1610 mss
615 1579 657 1609 ad
678 1578 935 1618 conparationem.

310 1661 340 1684 12
361 1657 478 1691 Ennius]
499 1666 562 1684 ann.
582 1666 606 1683 v.
622 1660 673 1683 498
693 1665 736 1691 ap.
757 1656 839 1683 Vahl.
858 1665 884 1690 p.
901 1659 934 1682 74
948 1657 957 1691 ΙΙ
973 1659 1005 1683 18
1024 1655 1162 1683 Pacuvius
1181 1655 1210 1682 in
1229 1655 1392 1690 Hermiona]
1414 1656 1513 1690 fragm.

239 1694 314 1719 XXII
334 1702 377 1727 ap.
398 1693 478 1720 Ribb.
499 1702 524 1727 p.
546 1696 578 1719 99
598 1693 640 1719 ed.
660 1693 707 1726 1111
729 1695 762 1718 20
782 1691 882 1719 Accius
901 1691 1055 1727 Pelopidis]
1076 1692 1175 1726 fragm.
1196 1691 1233 1718 ΙΙΙ
1253 1700 1297 1726 ap.
1318 1691 1397 1719 ltibb.
1417 1701 1444 1726 p.
1461 1695 1512 1719 202

238 1730 279 1756 ed.
299 1730 394 1763 111124
413 1738 478 1755 nam
498 1729 520 1755 si
541 1750 546 1755 .
567 1750 572 1755 .
594 1750 599 1755 .
619 1728 759 1763 planetas]
781 1728 814 1755 cf.
835 1727 897 1754 Isid.
918 1736 957 1754 or.
976 1728 1014 1754 ΙΙΙ
1035 1731 1076 1762 70,
1096 1731 1111 1754 3

311 1805 323 1827 1
345 1801 457 1827 tandem
477 1809 525 1827 om.
543 1800 565 1827 C
577 1801 586 1834 Η
601 1804 616 1826 2
635 1809 700 1827 nam
720 1808 767 1826 cur
785 1799 899 1826 tandem
918 1807 967 1826 om.
982 1799 1015 1826 N
1018 1800 1080 1826 LH
1097 1801 1182 1833 (supr.
1198 1807 1263 1825 vers.
1280 1799 1343 1826 add.
1359 1799 1378 1832 l)
1392 1799 1401 1834 ΙΙ
1416 1801 1432 1825 3
1451 1807 1513 1833 gor-

239 1837 296 1870 gite
313 1837 368 1863 FC
381 1838 389 1870 ΙΙ
404 1837 515 1863 tendem
532 1836 561 1862 F
573 1838 581 1871 Η
596 1839 611 1862 4
627 1837 663 1863 ad
682 1836 749 1862 laeti
767 1844 842 1869 supr.
857 1844 923 1862 vers.
944 1835 991 1869 qui
1010 1836 1178 1870 tempestate
1198 1834 1351 1861 caruissent
1368 1834 1392 1861 T
1403 1835 1411 1869 [Ι
1426 1837 1441 1861 5
1456 1843 1514 1861 are-

239 1882 303 1899 nam
324 1873 353 1898 1³
369 1874 377 1906 Η
400 1876 414 1898 G
435 1873 471 1898 ad
489 1874 571 1898 notae
591 1881 666 1906 supr.
686 1878 751 1898 rers.
772 1871 846 1898 dulci
866 1871 924 1898 siue
944 1871 1009 1905 quia
1028 1871 1067 1897 ibi
1087 1871 1143 1897 iam
1162 1871 1274 1897 fuerant
1292 1870 1345 1897 sibi
1364 1878 1444 1897 carae
1467 1870 1492 1896 T
1507 1870 1516 1905 Η

240 1914 255 1934 8
275 1908 376 1942 anyfen
397 1907 426 1933 F
452 1906 526 1940 ὑφὲν
546 1908 709 1934 Ribbeck-ius
733 1908 824 1934 (idnot.
848 1908 907 1934 crit.
928 1908 965 1933 ad
983 1907 1008 1933 V
1028 1910 1060 1933 35
1080 1907 1088 1941 ΙΙ
1110 1915 1159 1940 pro
1179 1915 1212 1933 ex
1231 1906 1340 1932 excelso
1360 1906 1515 1933 Schoellius.

239 1946 301 1977 sort.
322 1952 371 1977 pro
391 1944 500 1970 excelso
519 1944 708 1970 secludendum
731 1945 739 1978 Ι]
767 1946 782 1969 9
802 1943 872 1969 bene
893 1964 898 1969 .
920 1963 925 1968 .
946 1964 951 1969 .
972 1943 1155 1969 Troianorum
1174 1943 1205 1969 in
1225 1950 1309 1976 niary.
1333 1941 1357 1967 Τ
1374 1943 1382 1976 ΙΙ
1409 1942 1514 1976 tempe-

241 1981 302 2006 ratu
325 1979 352 2005 F
373 1979 382 2012 ss
410 1983 440 2004 1⁴)
465 1979 558 2005 dolere
579 1980 694 2005 Daniel:
719 1979 814 2005 dolore
835 1978 896 2004 FT
913 1980 921 2013 ΙΙ
949 1982 980 2004 12
1005 1979 1041 2005 ad
1064 1978 1092 2004 in
1115 1978 1214 2004 iaculis
1237 1986 1313 2011 supr.
1333 1985 1398 2003 vers.
1418 1977 1447 2003 in
1466 1977 1514 2004 ha—

241 2015 290 2042 stis
314 2015 337 2041 'l'
357 2016 365 2049 ΙΙ
390 2024 534 2040 ιΛίιῐείῚιιικ
555 2015 577 2041 C
605 2024 740 2041 mmsruns
761 2015 898 2040 NLHM
920 2016 928 2048 ΙΙ
956 2018 987 2040 13
1007 2015 1056 2041 aut
1075 2035 1080 2040 .
1103 2035 1107 2040 .
1128 2035 1133 2040 .
1155 2013 1313 2048 Africanae]
1340 2021 1402 2039 cum
1422 2012 1517 2039 Africa

243 2059 320 2077 ursos
339 2059 393 2078 non
414 2050 517 2076 habeat
535 2051 674 2084 libystidis
695 2050 792 2077 civitas
812 2051 855 2077 est
874 2050 999 2082 Siciliae,
1019 2049 1046 2076 in
1066 2058 1121 2083 qua.
1139 2049 1197 2075 ursi
1217 2048 1329 2083 plurimi
1349 2049 1412 2075 sunt
1431 2048 1518 2075 Lione

243 2090 305 2113 teste
324 2086 459 2117 Guelferb.
476 2087 486 2111 Ι
501 2087 509 2119 ΙΙ
525 2095 552 2112 re
573 2087 648 2120 vera]
670 2094 748 2112 ursae
769 2086 883 2112 additur
901 2087 981 2120 vulyo
995 2087 1004 2120 11
1022 2089 1051 2111 15
1072 2086 1108 2111 ad
1127 2093 1181 2112 nou
1200 2084 1337 2111 inmemor
1354 2092 1429 2118 supr.
1449 2092 1516 2110 vers.

243 2123 350 2149 littotes
374 2122 415 2155 ΊἸΙ
433 2125 463 2148 16
484 2122 596 2154 quidam
619 2123 744 2155 gratatur
765 2143 769 2148 .
787 2143 791 2148 .
809 2143 814 2148 .
835 2121 928 2148 Acesti
947 2121 1101 2155 gratulanti
1120 2121 1151 2146 in
1169 2129 1254 2154 marq.
1273 2128 1333 2154 sup.
1357 2120 1399 2154 ΤΙΙ
1414 2119 1518 2146 letatur

245 2159 273 2184 1³
285 2159 293 2192 ΙΙ
311 2161 340 2184 17
357 2158 405 2192 adl
421 2166 438 2183 a.
453 2157 482 2183 F
494 2159 502 2191 ΙΙ
518 2157 663 2183 miseretur
678 2158 838 2184 Sehocllius:
858 2155 939 2184 merit
951 2157 978 2183 F
1000 2158 1116 2183 miretur
1133 2156 1158 2182 T
1177 2156 1260 2182 iverit
1271 2156 1374 2182 Daniel
1397 2155 1518 2181 noluerit

244 2195 312 2220 coni.
324 2195 504 2220 Burmannus
519 2194 527 2226 Η
545 2196 574 2219 18
595 2193 730 2219 Pacuvius
752 2216 756 2220 .
770 2214 774 2219 .
787 2215 792 2219 .
813 2193 893 2219 decet
910 2193 971 2219 hab.
983 2193 1105 2219 Ambros.
1121 2193 1129 2227 ΙΙ
1143 2191 1280 2226 paetiuius
1300 2190 1330 2217 F
1341 2192 1349 2225 ΙΙ
1363 2190 1391 2217 in
1410 2198 1459 2216 om.
1474 2190 1499 2216 T
1509 2191 1518 2224 ΙΙ

249 2234 277 2255 19
298 2229 405 2256 edicam
426 2230 494 2255 cmzi.
518 2229 631 2254 liollzius
646 2230 654 2262 ΙΙ
674 2232 706 2254 23
728 2238 791 2255 uam
812 2250 817 2255 .
834 2250 839 2255 .
856 2249 861 2255 .
883 2229 930 2263 est
956 2237 1020 2254 nam
1040 2236 1135 2254 eorum
1155 2227 1243 2254 omnis
1262 2235 1332 2261 gaza
1351 2226 1456 2252 fructus
1476 2229 1519 2252 est

245 2267 313 2292 mni.
330 2266 510 2291 Burmannus
525 2266 533 2298 Η
548 2273 616 2298 gazo
636 2265 667 2290 ΙΙ
680 2266 688 2298 ΙΙ
704 2268 734 2290 24
757 2265 784 2298 a!
806 2265 841 2291 ob
861 2264 891 2290 F
915 2272 929 2290 a
971 2264 993 2290 C
1005 2265 1013 2298 ΙΙ
1033 2266 1066 2289 25
1087 2263 1152 2297 non]
1172 2263 1238 2297 quia
1255 2271 1311 2288 non
1330 2261 1387 2288 FC
1399 2262 1407 2296 ΙΙ
1422 2262 1459 2287 ad
1477 2261 1517 2287 fu-

246 2302 327 2333 garat
345 2310 419 2334 supr.
440 2309 505 2326 vers.
526 2309 574 2334 pro
594 2301 718 2331 fugasset
741 2300 782 2333 ἸἸΙ
802 2303 835 2326 ‘2ss
855 2309 917 2326 euin
937 2299 1048 2333 fugasse
1068 2298 1242 2333 tempestatis
1262 2297 1292 2323 F
1308 2298 1316 2331 [Ι
1335 2299 1368 2323 27
1388 2297 1424 2324 ad
1443 2297 1518 2324 clara

246 2337 304 2364 dies
324 2346 398 2372 supr.
421 2345 484 2363 vers.
505 2336 539 2363 ad
560 2335 798 2370 comparationem
818 2335 951 2370 pristinae
972 2335 1042 2361 dixit
1061 2335 1137 2361 clara
1156 2333 1214 2361 dies
1237 2333 1261 2359 Τ
