1690 2611
231 124 346 151 XXXIV
760 123 976 151 PRAEFATIO.

233 207 400 248 superiora
425 208 459 238 at
483 208 568 237 certe
596 206 690 247 paria
718 208 793 238 311111
821 207 880 238 illa
909 207 1025 248 quibus
1054 207 1225 246 poetarum
1253 207 1287 236 et
1315 205 1510 247 scriptorum

233 261 375 302 Augusti
400 262 506 291 aetate
532 259 751 301 antiquiorum
781 260 929 301 exempla
953 261 1080 291 servata
1105 261 1191 297 sunt,
1216 269 1297 300 quae
1320 259 1354 290 in
1376 259 1510 300 vulgato

234 314 466 345 commentario
496 313 678 356 'admodum
711 325 785 345 rara
824 325 893 345 esse
927 325 1026 355 supra
1059 313 1134 344 dixi.
1182 312 1305 344 accedit
1343 312 1428 353 quod
1464 305 1512 343 ita

234 368 381 408 exempla
405 367 462 398 illa
486 367 612 399 laudari
633 368 751 408 solent,
775 370 812 398 ut
830 379 895 399 non
915 368 1020 399 solum
1044 367 1211 408 scriptoris
1232 366 1287 398 sed
1311 365 1410 397 etiam
1436 365 1513 396 libri

234 434 271 452 ex
300 432 363 462 quo
394 421 586 462 deprompta
615 423 691 452 sunt
720 423 906 452 accuratum
940 420 1092 451 indicium
1121 419 1267 451 additum
1302 420 1353 451 sit.
1395 430 1433 450 ea
1460 430 1512 450 res

234 475 320 506 haud
345 475 409 506 3010
434 485 475 505 an
498 486 557 516 pro
583 475 677 515 signo
703 485 772 505 esse
788 474 901 515 possit,
921 485 984 515 quo
1005 474 1140 515 antiqua
1160 473 1283 505 scholia
1308 473 1348 505 ab
1372 473 1413 504 iis
1432 483 1513 514 quae

236 540 254 559 a
279 527 389 560 Servio
415 529 485 569 ipso
511 530 567 559 aut
590 527 746 559 Serviana
768 528 836 559 fere
861 530 967 559 aetate
988 528 1110 569 scripta
1130 528 1207 568 sint,
1232 528 1456 559 discernantur
1474 544 1512 548 —-

235 593 312 613 nam
337 593 434 623 supra
458 581 639 623 significavi
668 581 806 612 inveniri
834 581 867 612 in
897 581 1041 622 pleniore
1070 581 1302 612 commentario
1332 591 1413 622 quae
1443 591 1514 612 cum

235 636 361 677 vulgati
385 635 567 667 rationibus
593 637 814 676 congruerent.
857 646 928 665 cum
953 635 1053 665 sciam
1073 634 1227 666 Ioannem
1247 634 1462 665 Kirchnerum
1481 634 1516 665 in

236 689 389 720 laudandi
422 689 581 720 rationem
620 689 789 729 utriusque
823 688 1045 719 commentarii
1075 689 1241 730 propriam
1269 688 1442 729 diligenter
1469 688 1515 719 in-

237 743 407 784 quisivisse
434 753 568 783 eumque
594 753 674 783 quae
703 742 863 773 invenerit
893 753 964 773 cum
994 741 1095 773 doctis
1124 742 1310 773 hominibus
1340 741 1515 773 communi-

238 798 384 827 caturum
410 807 479 827 esse
499 807 640 836 sperem,
664 795 702 826 de
727 795 787 826 hac
811 806 845 826 re
869 795 950 827 nihil
976 795 1115 836 amplius
1140 795 1223 836 dico,
1247 795 1326 826 illud
1350 795 1516 827 monuisse

239 850 317 881 satis
347 850 464 889 liabeo,
497 860 568 880 cum
597 849 660 880 1001
694 849 958 881 testimoniorum
988 851 1135 880 accurate
1163 849 1296 880 indicati
1328 849 1406 889 sint,
1436 848 1516 890 ipsis

239 914 366 944 quoque
391 902 586 933 testimoniis
611 902 707 933 fidem
732 902 833 933 videri
857 903 1040 934 habendam
1065 914 1143 934 esse.

78 984 107 1002 rii
123 989 173 1002 cum
191 989 224 1001 m·
331 956 419 993 Quae
446 956 549 987 adhue
574 955 611 986 de
637 955 764 997 vulgati
789 958 821 987 et
840 956 995 997 plenioris
1017 955 1240 987 commentarii
1264 955 1445 987 rationibus
1470 966 1521 986 ex-

80 1010 227 1056 ''iiliglini'r‘ii
241 1010 334 1051 posui
361 1021 397 1041 ea
423 1021 519 1051 quam
545 1021 619 1040 vera
645 1009 709 1041 sint
734 1010 781 1040 ita
804 1021 888 1041 1111110
913 1010 1004 1041 iuvat
1033 1010 1184 1051 experiri,
1213 1012 1249 1041 ut
1273 1009 1322 1040 illi
1347 1009 1521 1050 scriptores

79 1064 298 1109 cjffllgssjgffl'qiii
323 1064 474 1094 inferiore
501 1065 606 1094 aetate
629 1062 782 1094 Serviano
808 1064 1039 1095 commentario
1061 1064 1109 1095 usi
1130 1064 1194 1094 sint
1212 1065 1322 1094 utrum
1342 1063 1522 1094 breviorem

240 1119 367 1148 tantum
393 1128 433 1148 an
458 1117 637 1158 pleniorem
667 1128 793 1158 quoque
824 1117 1036 1158 cognoverint
1061 1120 1242 1158 quaeratur.
1281 1120 1317 1148 ut
1346 1117 1386 1148 ab
1416 1127 1522 1159 gram-

241 1171 366 1202 maticis
391 1171 555 1213 incipiam,
580 1170 822 1212 Cledonium,
847 1171 936 1202 cuius
958 1172 1098 1202 aetatem
1115 1171 1149 1202 in
1173 1171 1284 1212 quinto
1306 1170 1433 1202 saeculo
1449 1169 1523 1201 Kei-

242 1225 303 1255 lius
330 1224 516 1266 (grammat.
541 1225 596 1256 lat.
622 1224 649 1255 V
676 1236 705 1266 p.
731 1224 764 1267 8)
790 1225 973 1266 constituit,
1001 1236 1017 1256 e
1043 1224 1147 1256 Servii
1175 1225 1209 1256 in
1233 1224 1415 1265 Vergilium
1439 1235 1521 1255 com-

242 1278 400 1309 mentario
426 1278 511 1309 haud
536 1289 638 1319 pauca
662 1278 824 1310 derivasse
849 1279 933 1310 idem
954 1279 1003 1311 vir
1028 1278 1140 1310 doctus
1167 1277 1201 1319 (l.
1222 1278 1242 1310 1.
1261 1289 1291 1319 p.
1313 1277 1346 1320 7)
1372 1277 1522 1310 ostendit.

242 1332 279 1362 cf.
305 1330 391 1363 Cled.
416 1343 445 1372 p.
471 1332 527 1372 35,
557 1332 599 1362 22
630 1333 661 1363 01
692 1331 778 1363 Serv.
809 1332 848 1363 ad
878 1332 956 1363 Aen.
981 1331 1027 1363 VI
1058 1332 1135 1374 7753
1164 1330 1251 1363 Cled.
1279 1343 1308 1372 p.
1333 1331 1389 1372 40,
1413 1332 1447 1372 4,
1471 1331 1523 1372 22,

242 1386 284 1417 25
310 1388 341 1416 01
366 1385 453 1417 Serv.
485 1385 523 1416 ad
553 1385 632 1417 Aen.
662 1385 711 1417 III
735 1386 792 1426 94,
823 1385 838 1416 I
870 1386 947 1427 149,
975 1385 1022 1417 IX
1053 1386 1131 1426 6193
1161 1384 1247 1416 Cled.
1276 1397 1305 1426 p.
1335 1385 1391 1425 61,
1419 1385 1462 1416 32
1491 1387 1524 1416 01

243 1438 330 1471 Serv.
361 1439 399 1470 ad
429 1439 508 1470 Aen.
536 1438 582 1469 IV
613 1439 690 1480 2953
721 1438 807 1470 Cled.
837 1451 866 1480 p.
892 1440 949 1481 65,
976 1440 989 1470 1
1023 1441 1054 1470 01
1083 1438 1169 1470 Serv.
1195 1439 1234 1470 ad
1266 1439 1346 1470 Aen.
1374 1438 1390 1469 I
1418 1439 1438 1469 2
1470 1437 1524 1479 (de

243 1493 354 1524 eadem
379 1504 412 1523 re
438 1492 568 1524 Servius
594 1504 708 1524 comm.
739 1493 773 1524 111
797 1492 913 1524 Donat.
946 1504 976 1534 p.
1000 1493 1078 1534 415,
1103 1493 1143 1523 37
1170 1491 1278 1534 dixit);
1307 1491 1394 1524 Cled.
1418 1504 1449 1533 p.
1473 1491 1524 1533 65,

244 1548 284 1577 33
310 1546 437 1577 ‘omnes
462 1547 571 1587 partes
597 1546 771 1587 orationis,
801 1557 874 1577 cum
898 1546 1052 1577 desierint
1081 1557 1150 1577 0330
1184 1546 1267 1587 quod
1297 1548 1386 1586 sunt,
1414 1545 1524 1576 adver—

244 1600 333 1631 bium
358 1598 492 1631 faciunt’
518 1601 550 1630 et
574 1598 661 1630 Serv.
682 1599 721 1630 ad
738 1599 817 1630 Aen.
833 1598 863 1630 V
879 1600 943 1631 603
970 1599 1105 1630 ‘etenim
1131 1599 1234 1630 omnis
1259 1610 1334 1640 pars
1359 1599 1524 1637 orationis,

245 1664 316 1684 cum
342 1653 474 1684 desierit
499 1663 568 1684 esse
593 1653 677 1693 quod
703 1655 765 1693 est,
790 1653 824 1683 in
848 1652 1037 1684 adverbium
1056 1652 1203 1694 migrat’.
1241 1652 1278 1684 cf.
1304 1651 1390 1684 Serv.
1410 1663 1524 1684 comm.

244 1707 277 1737 111
302 1706 382 1737 Don.
406 1718 436 1747 p.
461 1706 539 1747 439,
560 1706 611 1737 22.
649 1706 729 1738 haec
753 1706 854 1747 igitur
884 1718 903 1737 a
928 1705 1039 1737 Servio
1065 1705 1256 1738 Cledonium
1282 1706 1434 1747 petivisse
1458 1716 1524 1737 non

245 1763 294 1790 est
319 1771 374 1790 cur
402 1769 567 1800 negemus.
606 1762 719 1791 contra
747 1771 829 1801 quae
859 1772 888 1801 p«.
913 1760 970 1798 40,
995 1760 1013 1791 8
1045 1761 1076 1791 et
1099 1760 1141 1791 23
1170 1759 1378 1800 proferuntur
1405 1771 1482 1791 num
1509 1770 1525 1790 e

246 1812 410 1844 Servianis
436 1813 476 1843 ad
501 1813 581 1843 Aen.
606 1812 619 1843 I
647 1813 709 1844 703
730 1815 762 1844 et
778 1812 842 1844 VH
858 1814 922 1845 568
948 1813 1081 1844 scholiis
1106 1813 1269 1854 exscripta
1294 1813 1358 1844 sint
1383 1812 1525 1844 dubitari

246 1869 362 1907 potest.
401 1866 537 1908 denique
561 1868 627 1897 tres
644 1865 791 1897 Cledonii
810 1867 871 1898 loci
893 1878 965 1898 cum
982 1866 1163 1898 Danielinis
1188 1866 1321 1898 scholiis
1346 1866 1525 1908 comparati

247 1922 334 1960 sunt,
360 1920 476 1961 quibus
502 1931 538 1951 ea
569 1919 650 1950 addo
680 1931 762 1961 quae
787 1931 816 1960 p.
842 1921 897 1961 47,
928 1921 945 1951 7
976 1920 1014 1951 (10
1043 1919 1190 1952 ‘domus'
1220 1920 1359 1952 nominis
1389 1920 1527 1951 declina-

245 1974 334 2005 tione
359 1974 591 2015 grammatieus
618 1973 714 2011 dixit,
740 1984 821 2014 quae
841 1985 913 2004 cum
934 1972 1123 2005 Cassellano
1149 1974 1187 2004 ad
1211 1973 1290 2006 Aen.
1315 1973 1346 2005 11
1370 1973 1436 2005 445
1455 1983 1528 2004 con-

247 2027 365 2058 cinunt.
400 2029 433 2058 at
449 2027 533 2068 quod
549 2038 578 2067 p.
598 2027 658 2068 40,
677 2027 716 2058 15
744 2026 948 2068 ‘pampinus’
974 2027 1153 2058 communis
1170 2028 1297 2068 generis
1318 2038 1387 2058 esse
1406 2026 1526 2058 dictum

248 2083 279 2109 vt
305 2080 392 2111 Accii
419 2082 451 2110 et
476 2080 591 2111 Lucilii
617 2080 773 2121 exemplis
799 2081 1026 2112 confirmatum
1059 2083 1107 2112 est
1136 2081 1167 2112 id
1191 2092 1257 2113 non
1285 2081 1419 2112 debetur
1448 2079 1525 2110 Ver-

248 2134 371 2173 giliano
397 2133 599 2175 scholiastae,
630 2134 684 2175 qui
700 2134 770 2165 buc.
786 2134 848 2165 VII
873 2134 914 2165 :38
941 2134 1123 2175 Vergilium
1153 2135 1323 2176 pampinos
1351 2144 1525 2174 numquam

249 2198 320 2217 eum
347 2197 464 2226 genere
490 2186 603 2226 dicere,
629 2187 683 2218 3011
707 2177 890 2219 Varronem
911 2197 1028 2228 genere
1053 2188 1207 2219 feminino
1232 2187 1278 2218 uti
1304 2186 1403 2218 docet.
1442 2186 1527 2227 quod

249 2240 421 2271 (110(10111113
448 2251 476 2280 p.
501 2240 560 2280 43,
595 2242 607 2271 1
645 2240 817 2272 Cornificio
849 2240 944 2272 Gallo
978 2241 1094 2272 tribuit
1123 2240 1258 2281 Vergilii
1292 2241 1526 2270 commentator

249 2303 358 2333 georg.
388 2293 398 2323 'l
431 2294 495 2324 210
524 2306 542 2324 a
578 2294 679 2324 Bavio
714 2297 745 2325 et
777 2294 903 2326 Maevio
937 2294 1116 2336 profectum
1152 2304 1220 2325 csse
1254 2294 1401 2324 testatur.
1445 2304 1526 2334 quae

252 2346 462 2377 1⁴‘10riacensis
493 2346 529 2378 ad
561 2346 635 2378 Aen.
662 2346 708 2377 III
734 2348 797 2378 286
829 2347 866 2378 110
892 2346 1044 2388 ‘clipeus’
1075 2347 1160 2378 vocis
1189 2357 1305 2388 genere
1336 2345 1434 2377 habet
1462 2346 1525 2377 for-

79 956 219 975 Commenta<
