1690 2611
665 140 880 167 PRAEFATIO.
1321 140 1408 167 XCIII

131 224 296 256 Thebaide
312 223 410 255 Statii
429 224 509 255 satis
530 224 633 254 multa
655 222 849 260 laudaverit,
874 221 1063 253 Achilleidis
1088 223 1151 254 loci
1176 222 1230 264 qui
1254 224 1287 254 in
1311 223 1406 255 editis

131 278 371 319 exemplaribus
401 279 513 309 extant
542 288 558 307 e
586 275 761 307 Dresdensi
793 278 826 306 et
855 275 1015 307 similibus
1044 276 1136 307 libris
1167 276 1303 308 derivati
1333 279 1408 308 sunt

130 331 224 374 (Aen.
244 331 259 362 I
286 332 343 372 73,
372 330 419 362 VI
443 330 509 372 57).
552 329 658 361 Ovidii
690 340 800 360 versus
829 340 949 370 paucos
979 328 1107 361 Servius
1143 332 1408 363 commemoravit

130 396 248 427 eosque
274 396 311 416 ex
337 383 642 424 metamorphoseon
657 382 749 414 libris
773 382 907 423 petitos,
931 382 1007 413 Itali
1033 383 1135 414 multo
1164 384 1258 424 plura
1278 396 1315 416 ex
1340 386 1407 416 eius

130 439 326 470 carminibus
351 437 590 479 exscripserunt
617 439 713 477 atque
743 436 782 467 ad
806 436 963 467 fastorum
989 447 1115 477 quoque
1140 440 1171 468 et
1196 438 1407 478 epistolarum

130 504 168 524 ex
192 492 296 524 Ponto
320 492 420 523 libros
444 492 712 531 provocaverunt.
754 490 889 532 denique
918 501 1032 521 moneo
1062 490 1095 521 in
1119 491 1237 522 italicis
1263 492 1354 524 libris
1380 494 1406 525 si

129 546 205 587 quid
229 557 268 577 ex
292 545 409 576 litteris
435 544 563 575 saeculo
589 544 700 584 quinto
726 543 848 575 decimo
873 555 938 574 non
962 544 1027 574 iam
1057 545 1242 576 extantibus
1272 547 1406 578 citatum

133 599 189 640 sit,
213 599 346 630 eandem
366 597 556 629 memoriam
576 597 616 628 ab
637 597 875 638 antiquioribus
896 597 1116 639 grammaticis
1142 602 1304 630 servatam
1329 612 1406 632 esse.

131 653 172 684 cf.
196 652 302 684 adnot.
329 652 397 683 crit.
423 651 462 682 ad
482 663 511 692 p.
539 651 610 692 163,
630 651 663 690 53
688 651 763 691 434,
785 651 840 691 133
864 651 937 692 605,
964 652 1013 683 18.
1056 651 1093 682 de
1118 652 1215 683 Ennii
1240 654 1346 685 verbis
1368 655 1406 685 ad

130 707 208 738 Aen.
232 705 294 737 VI]
325 706 389 737 568
423 705 576 746 prolatis,
610 716 690 746 quae
723 705 757 735 in
789 704 938 736 Parisino
974 706 1059 736 7965
1086 717 1150 737 non
1179 706 1301 747 inveni,
1335 708 1406 739 vide

129 759 269 790 Vahleni
293 759 534 790 adnotationem
559 758 706 789 criticam
731 758 770 789 ad
795 770 867 790 ann.
893 758 997 799 XVII,
1017 760 1037 790 2
1057 771 1086 800 p.
1112 760 1161 791 63.
1200 771 1239 791 ne
1265 760 1406 793 Cornelii

128 812 266 853 Nepotis
292 811 419 853 quidem
444 812 482 842 de
506 811 629 842 duabus
655 811 864 853 Carthaginis
889 813 977 844 urbis
1002 813 1151 853 partibus
1175 815 1407 857 testimonium,

130 866 214 907 quod
239 866 278 897 ad
303 865 382 897 Aen.
405 865 421 896 I
441 865 504 897 368
531 864 576 907 (p.
598 866 670 906 1⁶25,
685 865 719 903 3)
745 877 782 897 ex
807 865 860 897 ‘eo
884 867 968 897 libro
994 867 1048 908 qui
1072 867 1140 898 vita
1164 868 1340 900 illustrium
1360 869 1406 900 in-

130 919 299 951 scribitur'
324 921 356 950 et
379 918 654 959 Guelferbytanus
684 920 807 960 primus
832 922 864 951 et
888 920 990 951 italici
1016 920 1140 952 codices
1166 921 1333 963 exhibent,
1369 935 1406 954 ex

130 973 192 1004 hoc
216 973 287 1014 ipso
313 973 396 1003 libro
416 972 554 1013 petitum
571 983 640 1004 esse
660 975 755 1014 puto,
780 974 897 1015 quippe
918 985 1011 1015 quem
1036 973 1090 1005 ‘de
1115 975 1191 1006 viris
1211 976 1406 1008 illustribus'

129 1026 262 1057 inscribi
286 1028 414 1057 constet
433 1026 485 1068 (ef.
511 1026 631 1057 Charis.
655 1038 685 1067 p.
702 1027 775 1068 220,
793 1028 847 1068 123
873 1028 945 1068 141,
963 1028 1001 1059 13
1026 1030 1057 1059 et
1081 1029 1137 1069 243
1162 1028 1241 1061 Gell.
1256 1030 1302 1061 XI
1319 1031 1347 1072 8,
1363 1031 1406 1072 ὃ)

131 1080 228 1111 etiam
253 1079 325 1111 aliis
345 1080 424 1111 Iocis
449 1080 655 1120 antiquorum
681 1080 874 1121 scriptorum
898 1081 997 1112 verba
1027 1082 1061 1112 in
1090 1094 1182 1114 suum
1210 1095 1303 1115 usum
1333 1096 1405 1116 con-

132 1134 298 1164 verterunt
321 1132 412 1174 Itali,
436 1133 537 1164 veluti
562 1144 643 1173 quae
668 1133 706 1164 ad
731 1134 809 1166 Aen.
829 1134 876 1165 III
901 1136 965 1166 443
991 1136 1228 1168 adnotaverunt
1252 1139 1331 1170 made
1354 1140 1405 1170 ad-

129 1186 189 1217 huc
212 1186 265 1226 qui
289 1186 441 1226 inspirari
468 1186 565 1217 solent
590 1187 712 1225 fatuari
739 1188 883 1219 (licuntur
907 1189 1023 1220 Iustini
1054 1193 1129 1222 sunt
1159 1190 1279 1232 (XLIII
1306 1193 1337 1232 1,
1363 1192 1405 1234 8),

128 1239 205 1270 Aen.
229 1239 275 1270 IV
303 1240 364 1270 146
389 1239 492 1271 Melae
516 1240 598 1271 liber
622 1239 667 1278 (II
695 1240 743 1283 1),
768 1242 845 1273 Aen.
861 1242 875 1272 I
893 1243 963 1283 174,
988 1243 1019 1274 II
1043 1245 1107 1275 469
1133 1245 1171 1276 al.
1198 1244 1300 1276 Servii
1322 1257 1404 1277 com-

127 1293 304 1324 mentarius
330 1293 384 1335 (ad
408 1292 488 1325 Aen.
509 1293 523 1324 I
548 1294 612 1325 312
637 1296 670 1325 et
693 1294 763 1326 buc.
779 1295 856 1327 VIII
874 1295 930 1338 29)
959 1298 1137 1338 exscriptus
1164 1301 1220 1329 est.
1264 1300 1404 1330 ceterum

126 1346 268 1378 Thomas
302 1347 386 1378 essai
410 1358 440 1387 p.
465 1347 574 1378 9—33
604 1359 684 1388 quae
713 1348 746 1379 in
770 1348 922 1381 Aeneidis
948 1352 1189 1383 commentariis
1219 1352 1404 1384 italicorum

126 1400 282 1430 librorum
305 1400 437 1440 propria
462 1403 537 1431 sunt
561 1401 692 1442 collegit
723 1404 754 1432 et
778 1402 815 1433 de
844 1403 1025 1435 rationibus
1058 1405 1171 1436 harum
1203 1406 1403 1437 additionum

129 1453 208 1484 scite
232 1453 418 1493 disputavit.

236 1506 286 1537 Ex
322 1507 488 1547 impressis
529 1506 674 1539 Serviani
713 1511 936 1542 commentarii
975 1513 1232 1554 exemplaribus,
1265 1507 1562 1554 quorumgfrssfflmffiffls

126 1559 276 1590 elenchos
308 1559 452 1600 Heynius
481 1560 556 1600 (vol.
580 1561 628 1592 IV
660 1574 688 1603 p.
714 1563 777 1594 636
803 1574 869 1604 sqq.
901 1565 948 1595 ed.
973 1564 1034 1606 IV)
1066 1568 1098 1597 et
1129 1566 1271 1598 Thomas
1303 1566 1402 1609 (essai
1427 1566 1439 1583 Ρ

125 1623 155 1652 p.
179 1612 241 1644 331
268 1611 349 1654 sqq.)
375 1613 594 1655 confecerunt,
618 1626 656 1646 ea
685 1618 813 1647 tantum
838 1618 953 1658 quibus
978 1619 1047 1659 ipse
1071 1631 1147 1651 usus
1172 1632 1242 1651 sum
1267 1632 1402 1652 comme-

125 1666 267 1697 morabo.
310 1677 419 1697 eorum
445 1667 706 1708 antiquissimum
731 1671 779 1700 est
803 1670 964 1702 Roberti
990 1671 1192 1714 Stephani,
1216 1673 1350 1706 Parisiis
1375 1686 1402 1705 a.

128 1719 211 1750 1532
236 1719 366 1750 editum.
408 1721 497 1752 cuius
522 1723 558 1752 ut
582 1731 701 1763 magna
726 1722 803 1754 olim
828 1726 913 1755 esset
937 1725 1019 1766 apud
1046 1726 1157 1758 doctos
1183 1727 1268 1759 viros
1294 1731 1401 1760 aucto-

125 1772 222 1813 ritas,
245 1772 333 1804 haud
357 1773 424 1804 scio
451 1785 491 1805 an
514 1774 579 1805 illis
601 1776 748 1806 effectum
769 1777 812 1807 sit
832 1788 913 1818 quae
935 1777 1116 1820 Stephanus
1142 1780 1174 1811 in
1199 1782 1401 1822 praefatione

126 1824 314 1866 affirmavit,
339 1827 544 1867 antiquorum
573 1828 718 1860 codicum
746 1829 808 1860 fide
833 1830 951 1862 fretum
981 1843 1013 1863 se
1043 1833 1146 1865 multa
1170 1845 1250 1875 quae
1281 1837 1401 1867 temere

127 1878 235 1909 addita
250 1878 433 1924 viderentur
452 1880 643 1922 detraxisse,
667 1883 769 1914 multa
784 1883 1020 1927 immutavisse,
1045 1898 1108 1918 non
1123 1888 1212 1919 nulla
1233 1889 1401 1921 addidisse.

126 1942 228 1973 neque
259 1931 401 1963 dubitari
433 1935 541 1973 potest
572 1935 648 1975 quin
680 1936 759 1967 satis
790 1937 867 1968 boni
899 1938 1023 1970 codices
1054 1941 1082 1971 ei
1115 1944 1242 1981 praesto
1275 1942 1401 1974 fuerint.

126 1995 201 2015 nam
226 1984 287 2016 etsi
311 1985 344 2016 in
368 1985 469 2025 ipsius
494 1986 597 2019 Servii
622 1989 727 2020 verbis
752 1990 837 2021 haud
861 2002 979 2031 paucas
1000 1994 1175 2034 scriptiuas
1200 1995 1300 2027 habet
1320 2008 1400 2037 quae

126 2048 144 2068 a
168 2048 312 2069 meorum
336 2038 492 2070 librorum
515 2042 710 2074 testimoniis
735 2043 941 2086 dissentiant,
965 2045 1122 2078 Italorum
1143 2050 1253 2079 tamen
1273 2050 1399 2090 supple-

126 2093 234 2122 menta
258 2091 407 2134 delevit¹)
433 2094 464 2123 et
488 2104 553 2125 non
572 2096 662 2127 nulla
689 2096 871 2136 pleniorum
900 2099 1045 2131 codicum
1070 2101 1292 2133 additamenta
1316 2114 1400 2134 rece-

124 2143 221 2186 pit2),
244 2147 280 2176 ut
304 2146 462 2187 suspicari
486 2147 589 2187 possis
615 2149 654 2179 ad
678 2149 710 2180 id
734 2151 899 2192 exemplar
923 2164 984 2194 quo
1010 2153 1064 2184 ille
1088 2155 1227 2186 maxime
1252 2167 1328 2186 usus
1349 2156 1399 2194 sit,

124 2197 208 2229 idem
232 2199 392 2239 pertinere
417 2200 501 2241 quod
526 2200 563 2231 de
588 2201 690 2234 altera
714 2202 895 2236 Cassellani
917 2208 1011 2246 parte
1035 2205 1103 2248 (lib.
1124 2207 1278 2250 III—VI)
1303 2220 1399 2249 supra

200 2287 225 2317 1)
246 2288 320 2313 errat
339 2287 460 2314 Thomas
480 2288 528 2321 qui
552 2297 577 2322 p.
598 2291 649 2316 338
668 2290 763 2317 italico
783 2290 855 2318 libro
875 2291 1047 2327 Stephanum
1068 2303 1147 2321 usum
1168 2304 1227 2322 esse
1247 2296 1322 2322 dicit.

126 2328 153 2358 2)
172 2326 205 2352 ef.
226 2326 322 2353 adnot.
344 2327 403 2353 crit.
425 2328 460 2353 ad
480 2330 546 2354 Aen.
567 2328 606 2354 III
626 2332 689 2363 122,
711 2333 773 2362 136,
795 2334 857 2363 152,
877 2335 926 2358 231
955 2335 984 2360 et
1008 2335 1111 2362 multos
1131 2336 1221 2368 quinti
1240 2336 1305 2362 libri
1324 2337 1399 2363 locos

125 2373 193 2397 quos
213 2374 372 2394 enumerare
392 2367 506 2401 longum
526 2369 575 2396 est.

1490 1539 1563 1553 exem-

1442 1560 1534 1579 laribus.
