<?xml version="1.0" encoding="UTF-8"?>
<!DOCTYPE html PUBLIC "-//W3C//DTD XHTML 1.0 Transitional//EN"
    "http://www.w3.org/TR/xhtml1/DTD/xhtml1-transitional.dtd">
<html xmlns="http://www.w3.org/1999/xhtml" xml:lang="en" lang="en">
 <head>
  <title>
</title>
<meta http-equiv="Content-Type" content="text/html;charset=utf-8" />
  <meta name='ocr-system' content='tesseract 3.04.00' />
  <meta name='ocr-capabilities' content='ocr_page ocr_carea ocr_par ocr_line ocrx_word'/>
</head>
<body>
  <div class='ocr_page' id='page_1' title='image "./serviigrammatici01bons_0486.png"; bbox 0 0 1690 2611; ppageno 0'>
   <div class='ocr_carea' id='block_1_1' title="bbox 204 432 219 455">
    <p class='ocr_par' dir='ltr' id='par_1_1' title="bbox 204 432 219 455">
     <span class='ocr_line' id='line_1_1' title="bbox 204 432 219 455; textangle 90"><span class='ocrx_word' id='word_1_1' title='bbox 204 432 219 455; x_wconf 58' lang='lat' dir='ltr'>Q!</span> 
     </span>
    </p>
   </div>
   <div class='ocr_carea' id='block_1_2' title="bbox 173 700 220 728">
    <p class='ocr_par' dir='ltr' id='par_1_2' title="bbox 173 700 220 728">
     <span class='ocr_line' id='line_1_2' title="bbox 173 700 220 728; baseline 0 -5"><span class='ocrx_word' id='word_1_2' title='bbox 173 700 220 728; x_wconf 72' lang='lat'>‚10</span> 
     </span>
    </p>
   </div>
   <div class='ocr_carea' id='block_1_3' title="bbox 189 1235 222 1258">
    <p class='ocr_par' dir='ltr' id='par_1_3' title="bbox 189 1235 222 1258">
     <span class='ocr_line' id='line_1_3' title="bbox 189 1235 222 1258; baseline -0.03 0"><span class='ocrx_word' id='word_1_3' title='bbox 189 1235 222 1258; x_wconf 78' lang='lat'>20</span> 
     </span>
    </p>
   </div>
   <div class='ocr_carea' id='block_1_4' title="bbox 189 1502 223 1525">
    <p class='ocr_par' dir='ltr' id='par_1_4' title="bbox 189 1502 223 1525">
     <span class='ocr_line' id='line_1_4' title="bbox 189 1502 223 1525; baseline 0 0"><span class='ocrx_word' id='word_1_4' title='bbox 189 1502 223 1525; x_wconf 83' lang='lat'>25</span> 
     </span>
    </p>
   </div>
   <div class='ocr_carea' id='block_1_5' title="bbox 238 132 935 162">
    <p class='ocr_par' dir='ltr' id='par_1_5' title="bbox 238 132 935 162">
     <span class='ocr_line' id='line_1_5' title="bbox 238 132 935 162; baseline -0.004 0"><span class='ocrx_word' id='word_1_5' title='bbox 238 132 302 162; x_wconf 75' lang='lat'>384</span> <span class='ocrx_word' id='word_1_6' title='bbox 815 133 935 160; x_wconf 83' lang='lat' dir='ltr'><strong>SERVII</strong></span> 
     </span>
    </p>
   </div>
   <div class='ocr_carea' id='block_1_6' title="bbox 238 213 1550 1695">
    <p class='ocr_par' dir='ltr' id='par_1_6' title="bbox 238 213 1514 298">
     <span class='ocr_line' id='line_1_6' title="bbox 239 213 1514 255; baseline 0.002 -12"><span class='ocrx_word' id='word_1_7' title='bbox 239 222 378 244; x_wconf 77' lang='lat' dir='ltr'>PONVNT</span> <span class='ocrx_word' id='word_1_8' title='bbox 393 222 499 244; x_wconf 78' lang='lat' dir='ltr'>ENSES</span> <span class='ocrx_word' id='word_1_9' title='bbox 523 213 577 244; x_wconf 77' lang='lat' dir='ltr'>hoc</span> <span class='ocrx_word' id='word_1_10' title='bbox 596 217 638 245; x_wconf 81' lang='lat' dir='ltr'>est</span> <span class='ocrx_word' id='word_1_11' title='bbox 661 214 836 255; x_wconf 88' lang='lat' dir='ltr'>disponunt</span> <span class='ocrx_word' id='word_1_12' title='bbox 856 216 888 246; x_wconf 91' lang='lat' dir='ltr'>et</span> <span class='ocrx_word' id='word_1_13' title='bbox 911 216 1015 246; x_wconf 89' lang='lat' dir='ltr'>tectos</span> <span class='ocrx_word' id='word_1_14' title='bbox 1039 214 1176 245; x_wconf 84' lang='lat' dir='ltr'>faciunt:</span> <span class='ocrx_word' id='word_1_15' title='bbox 1202 214 1247 245; x_wconf 87' lang='lat' dir='ltr'>sic</span> <span class='ocrx_word' id='word_1_16' title='bbox 1271 217 1303 246; x_wconf 88' lang='lat' dir='ltr'>et</span> <span class='ocrx_word' id='word_1_17' title='bbox 1327 217 1417 246; x_wconf 86' lang='lat' dir='ltr'>scuta</span> <span class='ocrx_word' id='word_1_18' title='bbox 1441 226 1514 246; x_wconf 88' lang='lat' dir='ltr'>con-</span> 
     </span>
     <span class='ocr_line' id='line_1_7' title="bbox 238 266 620 298; baseline 0.005 -2"><span class='ocrx_word' id='word_1_19' title='bbox 238 266 340 297; x_wconf 88' lang='lat' dir='ltr'>dendo</span> <span class='ocrx_word' id='word_1_20' title='bbox 364 267 465 298; x_wconf 86' lang='lat' dir='ltr'>latere</span> <span class='ocrx_word' id='word_1_21' title='bbox 489 266 620 298; x_wconf 86' lang='lat' dir='ltr'>faciunt.</span> 
     </span>
    </p>

    <p class='ocr_par' dir='ltr' id='par_1_7' title="bbox 238 320 1516 468">
     <span class='ocr_line' id='line_1_8' title="bbox 328 320 1516 360; baseline 0.002 -9"><span class='ocrx_word' id='word_1_22' title='bbox 328 320 401 351; x_wconf 80' lang='grc'>239.</span> <span class='ocrx_word' id='word_1_23' title='bbox 439 332 553 352; x_wconf 66' lang='lat' dir='ltr'>smxm</span> <span class='ocrx_word' id='word_1_24' title='bbox 581 321 685 360; x_wconf 66' lang='lat' dir='ltr'>utique</span> <span class='ocrx_word' id='word_1_25' title='bbox 717 321 859 352; x_wconf 68' lang='lat' dir='ltr'>vm‘litarc.</span> <span class='ocrx_word' id='word_1_26' title='bbox 950 329 1100 352; x_wconf 83' lang='lat' dir='ltr'>MISENVS</span> <span class='ocrx_word' id='word_1_27' title='bbox 1133 321 1215 352; x_wconf 87' lang='lat' dir='ltr'>bene</span> <span class='ocrx_word' id='word_1_28' title='bbox 1245 321 1405 353; x_wconf 79' lang='lat' dir='ltr'>Misenum</span> <span class='ocrx_word' id='word_1_29' title='bbox 1436 322 1516 353; x_wconf 85' lang='lat' dir='ltr'>dicit</span> 
     </span>
     <span class='ocr_line' id='line_1_9' title="bbox 238 373 1515 416; baseline 0.002 -12"><span class='ocrx_word' id='word_1_30' title='bbox 238 373 428 404; x_wconf 82' lang='lat' dir='ltr'>tubicinem:</span> <span class='ocrx_word' id='word_1_31' title='bbox 452 374 521 414; x_wconf 88' lang='lat' dir='ltr'>ipse</span> <span class='ocrx_word' id='word_1_32' title='bbox 546 375 595 405; x_wconf 88' lang='lat' dir='ltr'>est</span> <span class='ocrx_word' id='word_1_33' title='bbox 619 374 703 405; x_wconf 87' lang='lat' dir='ltr'>enim</span> <span class='ocrx_word' id='word_1_34' title='bbox 729 374 783 415; x_wconf 88' lang='lat' dir='ltr'>qui</span> <span class='ocrx_word' id='word_1_35' title='bbox 803 374 920 405; x_wconf 82' lang='lat' dir='ltr'>dicitur</span> <span class='ocrx_word' id='word_1_36' title='bbox 940 374 1025 405; x_wconf 89' lang='lat' dir='ltr'>filius</span> <span class='ocrx_word' id='word_1_37' title='bbox 1045 374 1144 405; x_wconf 87' lang='lat' dir='ltr'>fuisse</span> <span class='ocrx_word' id='word_1_38' title='bbox 1160 374 1268 415; x_wconf 80' lang='lat' dir='ltr'>Aeoli,</span> <span class='ocrx_word' id='word_1_39' title='bbox 1291 376 1328 406; x_wconf 89' lang='lat' dir='ltr'>ut</span> <span class='ocrx_word' id='word_1_40' title='bbox 1347 374 1414 415; x_wconf 87' lang='lat' dir='ltr'>&lt;VI</span> <span class='ocrx_word' id='word_1_41' title='bbox 1432 375 1515 416; x_wconf 81' lang='lat'>164&gt;</span> 
     </span>
     <span class='ocr_line' id='line_1_10' title="bbox 240 426 1516 468; baseline 0.002 -11"><span class='ocrx_word' id='word_1_42' title='bbox 240 426 426 458; x_wconf 84' lang='lat' dir='ltr'><strong>Misenum</strong></span> <span class='ocrx_word' id='word_1_43' title='bbox 453 426 658 458; x_wconf 84' lang='lat' dir='ltr'>Aeoliden:</span> <span class='ocrx_word' id='word_1_44' title='bbox 682 427 758 468; x_wconf 83' lang='lat' dir='ltr'>quia</span> <span class='ocrx_word' id='word_1_45' title='bbox 782 429 909 458; x_wconf 87' lang='lat' dir='ltr'>constat</span> <span class='ocrx_word' id='word_1_46' title='bbox 934 438 1048 458; x_wconf 87' lang='lat' dir='ltr'>sonum</span> <span class='ocrx_word' id='word_1_47' title='bbox 1072 438 1200 458; x_wconf 87' lang='lat' dir='ltr'>omnem</span> <span class='ocrx_word' id='word_1_48' title='bbox 1224 438 1261 458; x_wconf 83' lang='lat' dir='ltr'>ex</span> <span class='ocrx_word' id='word_1_49' title='bbox 1285 430 1381 459; x_wconf 84' lang='lat' dir='ltr'>vento</span> <span class='ocrx_word' id='word_1_50' title='bbox 1407 429 1516 460; x_wconf 88' lang='lat' dir='ltr'>creari.</span> 
     </span>
    </p>

    <p class='ocr_par' dir='ltr' id='par_1_8' title="bbox 239 480 1517 734">
     <span class='ocr_line' id='line_1_11' title="bbox 328 480 1514 522; baseline 0.002 -11"><span class='ocrx_word' id='word_1_51' title='bbox 328 480 400 511; x_wconf 86' lang='lat'>240.</span> <span class='ocrx_word' id='word_1_52' title='bbox 439 489 533 512; x_wconf 80' lang='lat' dir='ltr'>NOVA</span> <span class='ocrx_word' id='word_1_53' title='bbox 557 480 652 521; x_wconf 80' lang='lat' dir='ltr'>mira,</span> <span class='ocrx_word' id='word_1_54' title='bbox 682 482 717 511; x_wconf 92' lang='lat' dir='ltr'>ut</span> <span class='ocrx_word' id='word_1_55' title='bbox 741 480 872 512; x_wconf 89' lang='lat' dir='ltr'>Pollio</span> <span class='ocrx_word' id='word_1_56' title='bbox 903 483 939 511; x_wconf 89' lang='lat' dir='ltr'>et</span> <span class='ocrx_word' id='word_1_57' title='bbox 968 481 1051 522; x_wconf 85' lang='lat' dir='ltr'>ipse</span> <span class='ocrx_word' id='word_1_58' title='bbox 1078 481 1176 512; x_wconf 85' lang='lat' dir='ltr'>facit</span> <span class='ocrx_word' id='word_1_59' title='bbox 1203 491 1300 512; x_wconf 86' lang='lat' dir='ltr'>nova</span> <span class='ocrx_word' id='word_1_60' title='bbox 1329 482 1514 514; x_wconf 86' lang='lat' dir='ltr'>carmina:</span> 
     </span>
     <span class='ocr_line' id='line_1_12' title="bbox 239 533 1517 575; baseline 0.002 -11"><span class='ocrx_word' id='word_1_61' title='bbox 239 544 313 564; x_wconf 82' lang='lat' dir='ltr'>nam</span> <span class='ocrx_word' id='word_1_62' title='bbox 336 544 456 564; x_wconf 90' lang='lat' dir='ltr'>novum</span> <span class='ocrx_word' id='word_1_63' title='bbox 479 533 601 565; x_wconf 87' lang='lat' dir='ltr'>bellum</span> <span class='ocrx_word' id='word_1_64' title='bbox 625 544 690 564; x_wconf 91' lang='lat' dir='ltr'>non</span> <span class='ocrx_word' id='word_1_65' title='bbox 715 536 766 564; x_wconf 87' lang='lat' dir='ltr'>est</span> <span class='ocrx_word' id='word_1_66' title='bbox 790 533 878 564; x_wconf 84' lang='lat' dir='ltr'>cuius</span> <span class='ocrx_word' id='word_1_67' title='bbox 904 536 992 565; x_wconf 85' lang='lat' dir='ltr'>extat</span> <span class='ocrx_word' id='word_1_68' title='bbox 1023 534 1217 575; x_wconf 80' lang='lat' dir='ltr'>exemplum3</span> <span class='ocrx_word' id='word_1_69' title='bbox 1246 533 1402 565; x_wconf 90' lang='lat' dir='ltr'>Hercules</span> <span class='ocrx_word' id='word_1_70' title='bbox 1431 535 1517 566; x_wconf 87' lang='lat' dir='ltr'>enim</span> 
     </span>
     <span class='ocr_line' id='line_1_13' title="bbox 239 586 1517 628; baseline 0.002 -11"><span class='ocrx_word' id='word_1_71' title='bbox 239 586 272 616; x_wconf 88' lang='lat' dir='ltr'>in</span> <span class='ocrx_word' id='word_1_72' title='bbox 300 588 409 617; x_wconf 85' lang='lat' dir='ltr'>monte</span> <span class='ocrx_word' id='word_1_73' title='bbox 438 586 596 618; x_wconf 78' lang='lat' dir='ltr'>Arcadiae</span> <span class='ocrx_word' id='word_1_74' title='bbox 626 586 819 627; x_wconf 83' lang='lat' dir='ltr'>Stymphalo</span> <span class='ocrx_word' id='word_1_75' title='bbox 853 586 931 618; x_wconf 86' lang='lat' dir='ltr'>vicit</span> <span class='ocrx_word' id='word_1_76' title='bbox 965 586 1225 628; x_wconf 80' lang='lat' dir='ltr'>Stymphalidas,</span> <span class='ocrx_word' id='word_1_77' title='bbox 1258 589 1294 618; x_wconf 92' lang='lat' dir='ltr'>ut</span> <span class='ocrx_word' id='word_1_78' title='bbox 1323 586 1447 619; x_wconf 82' lang='lat' dir='ltr'>Statius</span> <span class='ocrx_word' id='word_1_79' title='bbox 1481 589 1517 619; x_wconf 84' lang='lat' dir='ltr'>et</span> 
     </span>
     <span class='ocr_line' id='line_1_14' title="bbox 239 639 1516 681; baseline 0.002 -11"><span class='ocrx_word' id='word_1_80' title='bbox 239 639 459 671; x_wconf 84' lang='lat' dir='ltr'>aerisonum</span> <span class='ocrx_word' id='word_1_81' title='bbox 489 639 755 681; x_wconf 76' lang='lat' dir='ltr'><strong>Stymphalon.</strong></span> <span class='ocrx_word' id='word_1_82' title='bbox 803 642 857 671; x_wconf 84' lang='lat' dir='ltr'>aut</span> <span class='ocrx_word' id='word_1_83' title='bbox 887 639 1004 672; x_wconf 73' lang='lat' dir='ltr'>‘nova&#39;</span> <span class='ocrx_word' id='word_1_84' title='bbox 1038 640 1122 681; x_wconf 83' lang='lat' dir='ltr'>ideo,</span> <span class='ocrx_word' id='word_1_85' title='bbox 1157 640 1232 681; x_wconf 86' lang='lat' dir='ltr'>quia</span> <span class='ocrx_word' id='word_1_86' title='bbox 1262 641 1423 673; x_wconf 83' lang='lat' dir='ltr'>vulnerari</span> <span class='ocrx_word' id='word_1_87' title='bbox 1451 653 1516 673; x_wconf 91' lang='lat' dir='ltr'>non</span> 
     </span>
     <span class='ocr_line' id='line_1_15' title="bbox 240 694 399 734; baseline 0 -10"><span class='ocrx_word' id='word_1_88' title='bbox 240 694 399 734; x_wconf 72' lang='lat' dir='ltr'>poterant.</span> 
     </span>
    </p>

    <p class='ocr_par' dir='ltr' id='par_1_9' title="bbox 239 747 1523 1374">
     <span class='ocr_line' id='line_1_16' title="bbox 329 747 1518 788; baseline 0.003 -11"><span class='ocrx_word' id='word_1_89' title='bbox 329 747 402 778; x_wconf 83' lang='lat'>241.</span> <span class='ocrx_word' id='word_1_90' title='bbox 440 755 613 779; x_wconf 79' lang='lat' dir='ltr'>OBSCENAS</span> <span class='ocrx_word' id='word_1_91' title='bbox 653 748 811 778; x_wconf 77' lang='lat' dir='ltr'>obscenae</span> <span class='ocrx_word' id='word_1_92' title='bbox 849 749 924 778; x_wconf 86' lang='lat' dir='ltr'>sunt</span> <span class='ocrx_word' id='word_1_93' title='bbox 962 759 1052 788; x_wconf 81' lang='lat' dir='ltr'>aves,</span> <span class='ocrx_word' id='word_1_94' title='bbox 1090 759 1170 788; x_wconf 89' lang='lat' dir='ltr'>quae</span> <span class='ocrx_word' id='word_1_95' title='bbox 1205 748 1347 779; x_wconf 90' lang='lat' dir='ltr'>canendo</span> <span class='ocrx_word' id='word_1_96' title='bbox 1382 748 1518 780; x_wconf 81' lang='lat' dir='ltr'>adversa</span> 
     </span>
     <span class='ocr_line' id='line_1_17' title="bbox 239 800 1517 843; baseline 0.002 -13"><span class='ocrx_word' id='word_1_97' title='bbox 239 800 435 840; x_wconf 79' lang='lat' dir='ltr'>significant,</span> <span class='ocrx_word' id='word_1_98' title='bbox 459 802 495 831; x_wconf 88' lang='lat' dir='ltr'>ut</span> <span class='ocrx_word' id='word_1_99' title='bbox 518 801 615 841; x_wconf 88' lang='lat' dir='ltr'>paulo</span> <span class='ocrx_word' id='word_1_100' title='bbox 639 803 714 841; x_wconf 89' lang='lat' dir='ltr'>post</span> <span class='ocrx_word' id='word_1_101' title='bbox 739 801 867 832; x_wconf 75' lang='lat' dir='ltr'>‘infelix</span> <span class='ocrx_word' id='word_1_102' title='bbox 891 801 1007 833; x_wconf 84' lang='lat' dir='ltr'>vates’.</span> <span class='ocrx_word' id='word_1_103' title='bbox 1082 810 1210 833; x_wconf 80' lang='lat' dir='ltr'>PELAGI</span> <span class='ocrx_word' id='word_1_104' title='bbox 1235 810 1415 833; x_wconf 82' lang='lat' dir='ltr'>VOLVCRES</span> <span class='ocrx_word' id='word_1_105' title='bbox 1441 801 1517 843; x_wconf 80' lang='lat' dir='ltr'>quia</span> 
     </span>
     <span class='ocr_line' id='line_1_18' title="bbox 239 853 1518 896; baseline 0.002 -12"><span class='ocrx_word' id='word_1_106' title='bbox 239 853 390 884; x_wconf 88' lang='lat' dir='ltr'>dicuntur</span> <span class='ocrx_word' id='word_1_107' title='bbox 418 853 513 884; x_wconf 87' lang='lat' dir='ltr'>Ponti</span> <span class='ocrx_word' id='word_1_108' title='bbox 545 856 578 885; x_wconf 91' lang='lat' dir='ltr'>et</span> <span class='ocrx_word' id='word_1_109' title='bbox 607 853 726 885; x_wconf 80' lang='lat' dir='ltr'>Terrae</span> <span class='ocrx_word' id='word_1_110' title='bbox 756 855 858 885; x_wconf 88' lang='lat' dir='ltr'>filiae:</span> <span class='ocrx_word' id='word_1_111' title='bbox 892 854 974 885; x_wconf 86' lang='lat' dir='ltr'>unde</span> <span class='ocrx_word' id='word_1_112' title='bbox 1007 855 1040 885; x_wconf 86' lang='lat' dir='ltr'>in</span> <span class='ocrx_word' id='word_1_113' title='bbox 1070 854 1184 886; x_wconf 83' lang='lat' dir='ltr'>insulis</span> <span class='ocrx_word' id='word_1_114' title='bbox 1213 855 1365 886; x_wconf 85' lang='lat' dir='ltr'>habitant</span> <span class='ocrx_word' id='word_1_115' title='bbox 1392 856 1518 896; x_wconf 82' lang='lat' dir='ltr'>partem</span> 
     </span>
     <span class='ocr_line' id='line_1_19' title="bbox 239 907 1516 949; baseline 0.002 -12"><span class='ocrx_word' id='word_1_116' title='bbox 239 908 408 946; x_wconf 86' lang='lat' dir='ltr'>terrarum,</span> <span class='ocrx_word' id='word_1_117' title='bbox 432 908 558 947; x_wconf 88' lang='lat' dir='ltr'>partem</span> <span class='ocrx_word' id='word_1_118' title='bbox 578 907 676 938; x_wconf 81' lang='lat' dir='ltr'>maris</span> <span class='ocrx_word' id='word_1_119' title='bbox 696 909 854 939; x_wconf 88' lang='lat' dir='ltr'>tenentes.</span> <span class='ocrx_word' id='word_1_120' title='bbox 893 907 949 938; x_wconf 86' lang='lat' dir='ltr'>alii</span> <span class='ocrx_word' id='word_1_121' title='bbox 973 907 1083 939; x_wconf 84' lang='lat' dir='ltr'>dicunt</span> <span class='ocrx_word' id='word_1_122' title='bbox 1103 919 1156 939; x_wconf 89' lang='lat' dir='ltr'>eas</span> <span class='ocrx_word' id='word_1_123' title='bbox 1171 907 1314 949; x_wconf 84' lang='lat' dir='ltr'>Neptuni</span> <span class='ocrx_word' id='word_1_124' title='bbox 1338 908 1437 949; x_wconf 85' lang='lat' dir='ltr'>filias,</span> <span class='ocrx_word' id='word_1_125' title='bbox 1461 907 1516 949; x_wconf 89' lang='lat' dir='ltr'>qui</span> 
     </span>
     <span class='ocr_line' id='line_1_20' title="bbox 241 959 1522 1002; baseline 0.002 -12"><span class='ocrx_word' id='word_1_126' title='bbox 241 959 307 990; x_wconf 89' lang='lat' dir='ltr'>fere</span> <span class='ocrx_word' id='word_1_127' title='bbox 331 959 553 1001; x_wconf 84' lang='lat' dir='ltr'>prodigiorum</span> <span class='ocrx_word' id='word_1_128' title='bbox 578 961 721 992; x_wconf 87' lang='lat' dir='ltr'>omnium</span> <span class='ocrx_word' id='word_1_129' title='bbox 751 963 844 1002; x_wconf 89' lang='lat' dir='ltr'>pater</span> <span class='ocrx_word' id='word_1_130' title='bbox 872 963 936 992; x_wconf 82' lang='lat' dir='ltr'>est:</span> <span class='ocrx_word' id='word_1_131' title='bbox 966 971 1024 992; x_wconf 89' lang='lat' dir='ltr'>nec</span> <span class='ocrx_word' id='word_1_132' title='bbox 1053 961 1218 1002; x_wconf 75' lang='lat' dir='ltr'>inmerito3</span> <span class='ocrx_word' id='word_1_133' title='bbox 1248 973 1324 992; x_wconf 90' lang='lat' dir='ltr'>nam</span> <span class='ocrx_word' id='word_1_134' title='bbox 1349 961 1522 993; x_wconf 84' lang='lat' dir='ltr'>secundum</span> 
     </span>
     <span class='ocr_line' id='line_1_21' title="bbox 240 1013 1523 1055; baseline 0.002 -12"><span class='ocrx_word' id='word_1_135' title='bbox 240 1013 406 1044; x_wconf 87' lang='lat' dir='ltr'>Milesium</span> <span class='ocrx_word' id='word_1_136' title='bbox 429 1013 599 1045; x_wconf 73' lang='lat' dir='ltr'>Thaletem</span> <span class='ocrx_word' id='word_1_137' title='bbox 630 1014 737 1045; x_wconf 86' lang='lat' dir='ltr'>omnia</span> <span class='ocrx_word' id='word_1_138' title='bbox 767 1026 804 1045; x_wconf 80' lang='lat' dir='ltr'>ex</span> <span class='ocrx_word' id='word_1_139' title='bbox 832 1025 943 1046; x_wconf 89' lang='lat' dir='ltr'>umore</span> <span class='ocrx_word' id='word_1_140' title='bbox 972 1017 1198 1055; x_wconf 71' lang='lat' dir='ltr'>procreantur:</span> <span class='ocrx_word' id='word_1_141' title='bbox 1227 1015 1310 1046; x_wconf 89' lang='lat' dir='ltr'>unde</span> <span class='ocrx_word' id='word_1_142' title='bbox 1335 1017 1384 1046; x_wconf 90' lang='lat' dir='ltr'>est</span> <span class='ocrx_word' id='word_1_143' title='bbox 1409 1014 1523 1046; x_wconf 87' lang='lat' dir='ltr'>Ocea-</span> 
     </span>
     <span class='ocr_line' id='line_1_22' title="bbox 240 1068 1523 1110; baseline 0.002 -13"><span class='ocrx_word' id='word_1_144' title='bbox 240 1078 404 1107; x_wconf 88' lang='lat' dir='ltr'>numque</span> <span class='ocrx_word' id='word_1_145' title='bbox 428 1069 578 1107; x_wconf 86' lang='lat' dir='ltr'>patrem</span> <span class='ocrx_word' id='word_1_146' title='bbox 602 1078 738 1099; x_wconf 89' lang='lat' dir='ltr'>rerum.</span> <span class='ocrx_word' id='word_1_147' title='bbox 785 1068 860 1099; x_wconf 90' lang='lat' dir='ltr'>hinc</span> <span class='ocrx_word' id='word_1_148' title='bbox 884 1068 921 1099; x_wconf 92' lang='lat' dir='ltr'>fit</span> <span class='ocrx_word' id='word_1_149' title='bbox 944 1070 994 1109; x_wconf 76' lang='lat' dir='ltr'>ut,</span> <span class='ocrx_word' id='word_1_150' title='bbox 1020 1068 1308 1110; x_wconf 67' lang='lat' dir='ltr'>quotienscumque</span> <span class='ocrx_word' id='word_1_151' title='bbox 1332 1069 1447 1100; x_wconf 84' lang='lat' dir='ltr'>desunt</span> <span class='ocrx_word' id='word_1_152' title='bbox 1470 1079 1523 1109; x_wconf 87' lang='lat' dir='ltr'>pa-</span> 
     </span>
     <span class='ocr_line' id='line_1_23' title="bbox 241 1120 1522 1163; baseline 0 -11"><span class='ocrx_word' id='word_1_153' title='bbox 241 1122 363 1161; x_wconf 85' lang='lat' dir='ltr'>rentes,</span> <span class='ocrx_word' id='word_1_154' title='bbox 388 1120 536 1151; x_wconf 78' lang='lat' dir='ltr'>redeatur</span> <span class='ocrx_word' id='word_1_155' title='bbox 560 1120 594 1151; x_wconf 88' lang='lat' dir='ltr'>in</span> <span class='ocrx_word' id='word_1_156' title='bbox 618 1121 874 1162; x_wconf 82' lang='lat' dir='ltr'>generalitatem.</span> <span class='ocrx_word' id='word_1_157' title='bbox 922 1121 968 1152; x_wconf 83' lang='lat' dir='ltr'>sic</span> <span class='ocrx_word' id='word_1_158' title='bbox 993 1123 1024 1152; x_wconf 90' lang='lat' dir='ltr'>et</span> <span class='ocrx_word' id='word_1_159' title='bbox 1056 1122 1243 1163; x_wconf 84' lang='lat' dir='ltr'>peregrinos</span> <span class='ocrx_word' id='word_1_160' title='bbox 1268 1122 1413 1163; x_wconf 89' lang='lat' dir='ltr'>Neptuni</span> <span class='ocrx_word' id='word_1_161' title='bbox 1437 1121 1522 1153; x_wconf 85' lang='lat' dir='ltr'>filios</span> 
     </span>
     <span class='ocr_line' id='line_1_24' title="bbox 243 1174 1523 1216; baseline 0.002 -11"><span class='ocrx_word' id='word_1_162' title='bbox 243 1174 392 1214; x_wconf 73' lang='lat' dir='ltr'>dicimus,</span> <span class='ocrx_word' id='word_1_163' title='bbox 426 1185 561 1215; x_wconf 88' lang='lat' dir='ltr'>quorum</span> <span class='ocrx_word' id='word_1_164' title='bbox 594 1174 782 1215; x_wconf 79' lang='lat' dir='ltr'>ignoramus</span> <span class='ocrx_word' id='word_1_165' title='bbox 816 1176 976 1215; x_wconf 83' lang='lat' dir='ltr'>parentes.</span> <span class='ocrx_word' id='word_1_166' title='bbox 1030 1175 1086 1206; x_wconf 87' lang='lat' dir='ltr'>alii</span> <span class='ocrx_word' id='word_1_167' title='bbox 1117 1186 1191 1206; x_wconf 85' lang='lat' dir='ltr'>vero</span> <span class='ocrx_word' id='word_1_168' title='bbox 1226 1175 1336 1207; x_wconf 89' lang='lat' dir='ltr'>dicunt</span> <span class='ocrx_word' id='word_1_169' title='bbox 1368 1175 1523 1216; x_wconf 77' lang='lat' dir='ltr'>harpyias</span> 
     </span>
     <span class='ocr_line' id='line_1_25' title="bbox 242 1227 1523 1269; baseline 0.001 -10"><span class='ocrx_word' id='word_1_170' title='bbox 242 1228 326 1260; x_wconf 86' lang='lat' dir='ltr'>filias</span> <span class='ocrx_word' id='word_1_171' title='bbox 361 1239 429 1259; x_wconf 86' lang='lat' dir='ltr'>esse</span> <span class='ocrx_word' id='word_1_172' title='bbox 464 1227 678 1259; x_wconf 80' lang='lat' dir='ltr'>Thaumantis</span> <span class='ocrx_word' id='word_1_173' title='bbox 712 1230 744 1259; x_wconf 90' lang='lat' dir='ltr'>et</span> <span class='ocrx_word' id='word_1_174' title='bbox 776 1228 934 1260; x_wconf 87' lang='lat' dir='ltr'>Electrae.</span> <span class='ocrx_word' id='word_1_175' title='bbox 986 1229 1112 1268; x_wconf 72' lang='lat' dir='ltr'>qnidam</span> <span class='ocrx_word' id='word_1_176' title='bbox 1146 1228 1276 1269; x_wconf 59' lang='lat' dir='ltr'>‘pelagi’</span> <span class='ocrx_word' id='word_1_177' title='bbox 1310 1229 1523 1261; x_wconf 75' lang='lat' dir='ltr'>adverbialiter</span> 
     </span>
     <span class='ocr_line' id='line_1_26' title="bbox 242 1280 1464 1322; baseline 0.001 -10"><span class='ocrx_word' id='word_1_178' title='bbox 242 1282 408 1322; x_wconf 72' lang='lat' dir='ltr'>accipiunt,</span> <span class='ocrx_word' id='word_1_179' title='bbox 431 1284 465 1312; x_wconf 78' lang='lat' dir='ltr'>ut</span> <span class='ocrx_word' id='word_1_180' title='bbox 484 1280 590 1320; x_wconf 48' lang='lat' dir='ltr'>‘belllss</span> <span class='ocrx_word' id='word_1_181' title='bbox 614 1284 649 1312; x_wconf 73' lang='grc' dir='ltr'>ἰιύ</span> <span class='ocrx_word' id='word_1_182' title='bbox 668 1281 787 1322; x_wconf 62' lang='grc' dir='ltr'>ε(Ζοήιι”1</span> <span class='ocrx_word' id='word_1_183' title='bbox 806 1284 967 1322; x_wconf 70' lang='lat' dir='ltr'>propterea</span> <span class='ocrx_word' id='word_1_184' title='bbox 991 1282 1071 1322; x_wconf 70' lang='lat' dir='ltr'>qnod</span> <span class='ocrx_word' id='word_1_185' title='bbox 1089 1292 1136 1313; x_wconf 76' lang='lat' dir='ltr'>res</span> <span class='ocrx_word' id='word_1_186' title='bbox 1157 1283 1189 1313; x_wconf 76' lang='lat' dir='ltr'>in</span> <span class='ocrx_word' id='word_1_187' title='bbox 1213 1282 1317 1313; x_wconf 72' lang='lat' dir='ltr'>insula</span> <span class='ocrx_word' id='word_1_188' title='bbox 1338 1282 1464 1322; x_wconf 61' lang='lat' dir='ltr'>aeritur.</span> 
     </span>
     <span class='ocr_line' id='line_1_27' title="bbox 242 1335 1182 1374; baseline -0.001 -7"><span class='ocrx_word' id='word_1_189' title='bbox 242 1348 376 1367; x_wconf 77' lang='lat' dir='ltr'><em>FOEDARE</em></span> <span class='ocrx_word' id='word_1_190' title='bbox 403 1337 568 1365; x_wconf 77' lang='lat' dir='ltr'>cruentare.</span> <span class='ocrx_word' id='word_1_191' title='bbox 614 1335 741 1366; x_wconf 68' lang='lat' dir='ltr'>Ennius</span> <span class='ocrx_word' id='word_1_192' title='bbox 762 1335 864 1374; x_wconf 74' lang='lat' dir='ltr'>ferro</span> <span class='ocrx_word' id='word_1_193' title='bbox 886 1335 1029 1374; x_wconf 69' lang='lat' dir='ltr'>foedati</span> <span class='ocrx_word' id='word_1_194' title='bbox 1052 1335 1182 1366; x_wconf 66' lang='lat' dir='ltr'>iacent.</span> 
     </span>
    </p>

    <p class='ocr_par' dir='ltr' id='par_1_10' title="bbox 242 1388 1550 1589">
     <span class='ocr_line' id='line_1_28' title="bbox 331 1388 1523 1420; baseline 0.001 -1"><span class='ocrx_word' id='word_1_195' title='bbox 331 1388 404 1419; x_wconf 64' lang='lat'>242.</span> <span class='ocrx_word' id='word_1_196' title='bbox 442 1397 505 1419; x_wconf 77' lang='lat' dir='ltr'>vm</span> <span class='ocrx_word' id='word_1_197' title='bbox 536 1397 661 1419; x_wconf 80' lang='lat' dir='ltr'>PLVM1s</span> <span class='ocrx_word' id='word_1_198' title='bbox 692 1397 809 1419; x_wconf 82' lang='lat' dir='ltr'>VLLAM</span> <span class='ocrx_word' id='word_1_199' title='bbox 843 1388 989 1419; x_wconf 84' lang='lat' dir='ltr'>naturale</span> <span class='ocrx_word' id='word_1_200' title='bbox 1021 1388 1106 1419; x_wconf 83' lang='lat' dir='ltr'>enim</span> <span class='ocrx_word' id='word_1_201' title='bbox 1138 1390 1186 1419; x_wconf 85' lang='lat' dir='ltr'>est</span> <span class='ocrx_word' id='word_1_202' title='bbox 1216 1390 1253 1419; x_wconf 86' lang='lat' dir='ltr'>ut</span> <span class='ocrx_word' id='word_1_203' title='bbox 1284 1388 1393 1420; x_wconf 84' lang='lat' dir='ltr'>eludat</span> <span class='ocrx_word' id='word_1_204' title='bbox 1423 1388 1523 1420; x_wconf 85' lang='lat' dir='ltr'>ictum</span> 
     </span>
     <span class='ocr_line' id='line_1_29' title="bbox 242 1441 1550 1483; baseline 0.001 -11"><span class='ocrx_word' id='word_1_205' title='bbox 242 1442 427 1482; x_wconf 86' lang='lat' dir='ltr'>plumarum</span> <span class='ocrx_word' id='word_1_206' title='bbox 452 1441 585 1472; x_wconf 85' lang='lat' dir='ltr'>levitas:</span> <span class='ocrx_word' id='word_1_207' title='bbox 616 1442 698 1472; x_wconf 87' lang='lat' dir='ltr'>unde</span> <span class='ocrx_word' id='word_1_208' title='bbox 729 1443 761 1472; x_wconf 86' lang='lat' dir='ltr'>et</span> <span class='ocrx_word' id='word_1_209' title='bbox 790 1441 914 1472; x_wconf 87' lang='lat' dir='ltr'>addidit</span> <span class='ocrx_word' id='word_1_210' title='bbox 938 1441 1099 1482; x_wconf 62' lang='lat' dir='ltr'>‘plumis&#39;.</span> <span class='ocrx_word' id='word_1_211' title='bbox 1145 1453 1235 1483; x_wconf 84' lang='lat' dir='ltr'>nam,</span> <span class='ocrx_word' id='word_1_212' title='bbox 1264 1442 1349 1483; x_wconf 90' lang='lat' dir='ltr'>quod</span> <span class='ocrx_word' id='word_1_213' title='bbox 1374 1442 1522 1474; x_wconf 86' lang='lat' dir='ltr'>Donatus</span> <span class='ocrx_word' id='word_1_214' title='bbox 1545 1442 1550 1444; x_wconf 44' lang='lat'>‘</span> 
     </span>
     <span class='ocr_line' id='line_1_30' title="bbox 244 1494 1522 1537; baseline 0.001 -11"><span class='ocrx_word' id='word_1_215' title='bbox 244 1495 335 1535; x_wconf 79' lang='lat' dir='ltr'>dicit,</span> <span class='ocrx_word' id='word_1_216' title='bbox 368 1495 439 1526; x_wconf 87' lang='lat' dir='ltr'>ideo</span> <span class='ocrx_word' id='word_1_217' title='bbox 470 1506 523 1526; x_wconf 86' lang='lat' dir='ltr'>eas</span> <span class='ocrx_word' id='word_1_218' title='bbox 557 1494 657 1526; x_wconf 81' lang='lat' dir='ltr'>fuisse</span> <span class='ocrx_word' id='word_1_219' title='bbox 689 1494 957 1535; x_wconf 76' lang='lat' dir='ltr'>invulnerabiles,</span> <span class='ocrx_word' id='word_1_220' title='bbox 991 1495 1067 1535; x_wconf 89' lang='lat' dir='ltr'>quia</span> <span class='ocrx_word' id='word_1_221' title='bbox 1097 1495 1134 1526; x_wconf 88' lang='lat' dir='ltr'>de</span> <span class='ocrx_word' id='word_1_222' title='bbox 1164 1494 1265 1537; x_wconf 81' lang='lat' dir='ltr'>Styge</span> <span class='ocrx_word' id='word_1_223' title='bbox 1297 1497 1388 1527; x_wconf 87' lang='lat' dir='ltr'>erant</span> <span class='ocrx_word' id='word_1_224' title='bbox 1417 1497 1522 1537; x_wconf 78' lang='lat' dir='ltr'>natae,</span> 
     </span>
     <span class='ocr_line' id='line_1_31' title="bbox 242 1548 497 1589; baseline 0 -10"><span class='ocrx_word' id='word_1_225' title='bbox 242 1559 307 1579; x_wconf 89' lang='lat' dir='ltr'>non</span> <span class='ocrx_word' id='word_1_226' title='bbox 331 1548 497 1589; x_wconf 86' lang='lat' dir='ltr'>probatur.</span> 
     </span>
    </p>

    <p class='ocr_par' dir='ltr' id='par_1_11' title="bbox 242 1601 1524 1695">
     <span class='ocr_line' id='line_1_32' title="bbox 332 1601 1524 1643; baseline 0.001 -10"><span class='ocrx_word' id='word_1_227' title='bbox 332 1602 405 1632; x_wconf 80' lang='lat'>244.</span> <span class='ocrx_word' id='word_1_228' title='bbox 443 1614 578 1633; x_wconf 60' lang='lat' dir='ltr'>sfflmfflnt</span> <span class='ocrx_word' id='word_1_229' title='bbox 605 1601 837 1632; x_wconf 73' lang='lat' dir='ltr'>semioomesam.</span> <span class='ocrx_word' id='word_1_230' title='bbox 929 1610 1092 1633; x_wconf 79' lang='lat' dir='ltr'>VESTIGIA</span> <span class='ocrx_word' id='word_1_231' title='bbox 1121 1602 1166 1632; x_wconf 82' lang='lat' dir='ltr'>vel</span> <span class='ocrx_word' id='word_1_232' title='bbox 1194 1602 1310 1642; x_wconf 86' lang='lat' dir='ltr'>pedum</span> <span class='ocrx_word' id='word_1_233' title='bbox 1340 1602 1447 1643; x_wconf 83' lang='lat' dir='ltr'>signa:</span> <span class='ocrx_word' id='word_1_234' title='bbox 1478 1602 1524 1634; x_wconf 81' lang='lat' dir='ltr'>vel</span> 
     </span>
     <span class='ocr_line' id='line_1_33' title="bbox 242 1655 1234 1695; baseline 0 -9"><span class='ocrx_word' id='word_1_235' title='bbox 242 1656 393 1686; x_wconf 69' lang='lat' dir='ltr'>indicium</span> <span class='ocrx_word' id='word_1_236' title='bbox 416 1656 567 1693; x_wconf 67' lang='lat' dir='ltr'>sordium,</span> <span class='ocrx_word' id='word_1_237' title='bbox 591 1655 700 1694; x_wconf 65' lang='lat' dir='ltr'>quibus</span> <span class='ocrx_word' id='word_1_238' title='bbox 723 1655 829 1694; x_wconf 73' lang='lat' dir='ltr'>epulas</span> <span class='ocrx_word' id='word_1_239' title='bbox 851 1655 1031 1686; x_wconf 70' lang='lat' dir='ltr'>discedentes</span> <span class='ocrx_word' id='word_1_240' title='bbox 1048 1655 1234 1695; x_wconf 72' lang='lat' dir='ltr'>polluebant.</span> 
     </span>
    </p>
   </div>
   <div class='ocr_carea' id='block_1_7' title="bbox 243 1777 1524 1918">
    <p class='ocr_par' dir='ltr' id='par_1_12' title="bbox 243 1777 1524 1918">
     <span class='ocr_line' id='line_1_34' title="bbox 315 1777 1522 1812; baseline -0.001 -7"><span class='ocrx_word' id='word_1_241' title='bbox 315 1782 329 1805; x_wconf 81' lang='grc'><strong>6</strong></span> <span class='ocrx_word' id='word_1_242' title='bbox 350 1778 453 1812; x_wconf 85' lang='lat' dir='ltr'>Pollio]</span> <span class='ocrx_word' id='word_1_243' title='bbox 473 1778 536 1804; x_wconf 83' lang='lat' dir='ltr'>buc.</span> <span class='ocrx_word' id='word_1_244' title='bbox 557 1778 594 1803; x_wconf 89' lang='lat' dir='ltr'>III</span> <span class='ocrx_word' id='word_1_245' title='bbox 614 1779 671 1810; x_wconf 73' lang='lat'>8611</span> <span class='ocrx_word' id='word_1_246' title='bbox 690 1781 705 1801; x_wconf 68' lang='grc' dir='ltr'><strong>Η</strong></span> <span class='ocrx_word' id='word_1_247' title='bbox 726 1777 843 1811; x_wconf 78' lang='lat' dir='ltr'>Statius]</span> <span class='ocrx_word' id='word_1_248' title='bbox 865 1778 951 1804; x_wconf 86' lang='lat' dir='ltr'>Theb.</span> <span class='ocrx_word' id='word_1_249' title='bbox 973 1777 1009 1803; x_wconf 92' lang='lat' dir='ltr'>IV</span> <span class='ocrx_word' id='word_1_250' title='bbox 1030 1780 1081 1804; x_wconf 75' lang='lat'>298</span> <span class='ocrx_word' id='word_1_251' title='bbox 1097 1778 1105 1811; x_wconf 82' lang='grc' dir='ltr'>ΙΙ</span> <span class='ocrx_word' id='word_1_252' title='bbox 1126 1781 1157 1804; x_wconf 83' lang='grc'>14</span> <span class='ocrx_word' id='word_1_253' title='bbox 1178 1777 1226 1804; x_wconf 87' lang='lat' dir='ltr'>alii</span> <span class='ocrx_word' id='word_1_254' title='bbox 1247 1778 1343 1804; x_wconf 85' lang='lat' dir='ltr'>dicunt</span> <span class='ocrx_word' id='word_1_255' title='bbox 1363 1799 1368 1804; x_wconf 97' lang='lat'>.</span> <span class='ocrx_word' id='word_1_256' title='bbox 1390 1799 1395 1804; x_wconf 94' lang='lat'>.</span> <span class='ocrx_word' id='word_1_257' title='bbox 1417 1800 1422 1805; x_wconf 94' lang='lat'>.</span> <span class='ocrx_word' id='word_1_258' title='bbox 1442 1779 1522 1812; x_wconf 85' lang='lat' dir='ltr'>pater</span> 
     </span>
     <span class='ocr_line' id='line_1_35' title="bbox 243 1813 1522 1849; baseline 0 -9"><span class='ocrx_word' id='word_1_259' title='bbox 243 1814 296 1849; x_wconf 76' lang='lat' dir='ltr'>est]</span> <span class='ocrx_word' id='word_1_260' title='bbox 318 1814 351 1841; x_wconf 84' lang='lat' dir='ltr'>cf.</span> <span class='ocrx_word' id='word_1_261' title='bbox 372 1813 442 1840; x_wconf 89' lang='lat' dir='ltr'>Gell.</span> <span class='ocrx_word' id='word_1_262' title='bbox 463 1815 536 1840; x_wconf 82' lang='lat' dir='ltr'>noct.</span> <span class='ocrx_word' id='word_1_263' title='bbox 557 1814 606 1840; x_wconf 80' lang='lat' dir='ltr'>att.</span> <span class='ocrx_word' id='word_1_264' title='bbox 628 1813 678 1838; x_wconf 84' lang='lat' dir='ltr'>XV</span> <span class='ocrx_word' id='word_1_265' title='bbox 698 1816 729 1839; x_wconf 78' lang='lat'>21</span> <span class='ocrx_word' id='word_1_266' title='bbox 746 1814 755 1846; x_wconf 74' lang='grc'>11</span> <span class='ocrx_word' id='word_1_267' title='bbox 772 1816 801 1838; x_wconf 85' lang='grc'>17</span> <span class='ocrx_word' id='word_1_268' title='bbox 824 1813 1032 1848; x_wconf 82' lang='lat' dir='ltr'>Oceanumque]</span> <span class='ocrx_word' id='word_1_269' title='bbox 1053 1822 1146 1847; x_wconf 85' lang='lat' dir='ltr'>georg.</span> <span class='ocrx_word' id='word_1_270' title='bbox 1167 1813 1204 1839; x_wconf 89' lang='lat' dir='ltr'>IV</span> <span class='ocrx_word' id='word_1_271' title='bbox 1224 1816 1273 1840; x_wconf 83' lang='lat'>302</span> <span class='ocrx_word' id='word_1_272' title='bbox 1289 1815 1298 1847; x_wconf 75' lang='lat' dir='ltr'>n</span> <span class='ocrx_word' id='word_1_273' title='bbox 1314 1817 1345 1840; x_wconf 88' lang='grc'>18</span> <span class='ocrx_word' id='word_1_274' title='bbox 1366 1813 1405 1840; x_wconf 84' lang='lat' dir='ltr'>sic</span> <span class='ocrx_word' id='word_1_275' title='bbox 1425 1815 1454 1840; x_wconf 87' lang='lat' dir='ltr'>et</span> <span class='ocrx_word' id='word_1_276' title='bbox 1472 1834 1478 1840; x_wconf 87' lang='lat'>.</span> <span class='ocrx_word' id='word_1_277' title='bbox 1495 1835 1500 1840; x_wconf 96' lang='lat'>.</span> <span class='ocrx_word' id='word_1_278' title='bbox 1517 1835 1522 1840; x_wconf 94' lang='lat'>.</span> 
     </span>
     <span class='ocr_line' id='line_1_36' title="bbox 243 1848 1524 1883; baseline -0.001 -8"><span class='ocrx_word' id='word_1_279' title='bbox 243 1849 385 1883; x_wconf 81' lang='lat' dir='ltr'>parentes]</span> <span class='ocrx_word' id='word_1_280' title='bbox 407 1849 439 1875; x_wconf 87' lang='lat' dir='ltr'>cf.</span> <span class='ocrx_word' id='word_1_281' title='bbox 461 1849 523 1876; x_wconf 81' lang='lat' dir='ltr'>Isid.</span> <span class='ocrx_word' id='word_1_282' title='bbox 545 1857 582 1875; x_wconf 90' lang='lat' dir='ltr'>or.</span> <span class='ocrx_word' id='word_1_283' title='bbox 604 1849 641 1875; x_wconf 92' lang='lat' dir='ltr'>IX</span> <span class='ocrx_word' id='word_1_284' title='bbox 657 1852 680 1880; x_wconf 82' lang='grc'>4,</span> <span class='ocrx_word' id='word_1_285' title='bbox 697 1851 727 1874; x_wconf 83' lang='grc'>41</span> <span class='ocrx_word' id='word_1_286' title='bbox 745 1849 801 1881; x_wconf 79' lang='grc'><strong>1122</strong></span> <span class='ocrx_word' id='word_1_287' title='bbox 822 1848 940 1883; x_wconf 85' lang='lat' dir='ltr'>Ennius]</span> <span class='ocrx_word' id='word_1_288' title='bbox 961 1849 1014 1875; x_wconf 86' lang='lat' dir='ltr'>inc.</span> <span class='ocrx_word' id='word_1_289' title='bbox 1035 1857 1107 1874; x_wconf 89' lang='lat' dir='ltr'>nom.</span> <span class='ocrx_word' id='word_1_290' title='bbox 1128 1849 1176 1875; x_wconf 83' lang='lat' dir='ltr'>rel.</span> <span class='ocrx_word' id='word_1_291' title='bbox 1192 1849 1253 1875; x_wconf 84' lang='lat' dir='ltr'>LIX</span> <span class='ocrx_word' id='word_1_292' title='bbox 1273 1858 1316 1883; x_wconf 82' lang='lat' dir='ltr'>ap.</span> <span class='ocrx_word' id='word_1_293' title='bbox 1332 1849 1412 1876; x_wconf 86' lang='lat' dir='ltr'>Ribb.</span> <span class='ocrx_word' id='word_1_294' title='bbox 1429 1849 1471 1876; x_wconf 88' lang='lat' dir='ltr'>ed.</span> <span class='ocrx_word' id='word_1_295' title='bbox 1489 1849 1524 1883; x_wconf 88' lang='lat' dir='ltr'>II,</span> 
     </span>
     <span class='ocr_line' id='line_1_37' title="bbox 246 1883 1340 1918; baseline 0.002 -9"><span class='ocrx_word' id='word_1_296' title='bbox 246 1885 334 1910; x_wconf 77' lang='lat' dir='ltr'>xxm</span> <span class='ocrx_word' id='word_1_297' title='bbox 356 1893 399 1918; x_wconf 83' lang='lat' dir='ltr'>ap.</span> <span class='ocrx_word' id='word_1_298' title='bbox 421 1884 503 1911; x_wconf 86' lang='lat' dir='ltr'>Vahl.</span> <span class='ocrx_word' id='word_1_299' title='bbox 519 1885 527 1917; x_wconf 82' lang='grc' dir='ltr'>ΙΙ</span> <span class='ocrx_word' id='word_1_300' title='bbox 543 1888 575 1910; x_wconf 78' lang='grc'>27</span> <span class='ocrx_word' id='word_1_301' title='bbox 596 1884 724 1917; x_wconf 82' lang='lat' dir='ltr'>Vestigia</span> <span class='ocrx_word' id='word_1_302' title='bbox 743 1883 845 1918; x_wconf 86' lang='lat' dir='ltr'>pedum</span> <span class='ocrx_word' id='word_1_303' title='bbox 865 1884 956 1918; x_wconf 81' lang='lat' dir='ltr'>signa]</span> <span class='ocrx_word' id='word_1_304' title='bbox 978 1884 1011 1910; x_wconf 83' lang='lat' dir='ltr'>cf.</span> <span class='ocrx_word' id='word_1_305' title='bbox 1034 1884 1096 1910; x_wconf 82' lang='lat' dir='ltr'>Isid.</span> <span class='ocrx_word' id='word_1_306' title='bbox 1117 1893 1154 1911; x_wconf 89' lang='lat' dir='ltr'>or.</span> <span class='ocrx_word' id='word_1_307' title='bbox 1175 1884 1225 1910; x_wconf 91' lang='lat' dir='ltr'>XV</span> <span class='ocrx_word' id='word_1_308' title='bbox 1247 1888 1287 1917; x_wconf 77' lang='lat'>16,</span> <span class='ocrx_word' id='word_1_309' title='bbox 1309 1888 1340 1911; x_wconf 83' lang='lat'>13</span> 
     </span>
    </p>
   </div>
   <div class='ocr_carea' id='block_1_8' title="bbox 243 1999 1523 2390">
    <p class='ocr_par' dir='ltr' id='par_1_13' title="bbox 243 1999 1523 2390">
     <span class='ocr_line' id='line_1_38' title="bbox 317 1999 1523 2033; baseline 0.001 -8"><span class='ocrx_word' id='word_1_310' title='bbox 317 2004 328 2025; x_wconf 86' lang='lat'><em>1</em></span> <span class='ocrx_word' id='word_1_311' title='bbox 350 2001 403 2026; x_wconf 86' lang='lat' dir='ltr'>hoc</span> <span class='ocrx_word' id='word_1_312' title='bbox 423 2002 465 2026; x_wconf 62' lang='lat' dir='ltr'>ost</span> <span class='ocrx_word' id='word_1_313' title='bbox 484 2001 544 2027; x_wconf 69' lang='lat' dir='ltr'>hul».</span> <span class='ocrx_word' id='word_1_314' title='bbox 567 2000 590 2026; x_wconf 68' lang='lat' dir='ltr'>(J</span> <span class='ocrx_word' id='word_1_315' title='bbox 605 2001 614 2033; x_wconf 83' lang='grc' dir='ltr'>Η</span> <span class='ocrx_word' id='word_1_316' title='bbox 634 1999 705 2026; x_wconf 82' lang='lat' dir='ltr'>sicut</span> <span class='ocrx_word' id='word_1_317' title='bbox 725 2000 753 2024; x_wconf 78' lang='lat' dir='ltr'>et</span> <span class='ocrx_word' id='word_1_318' title='bbox 773 1999 829 2025; x_wconf 68' lang='lat' dir='ltr'>FC</span> <span class='ocrx_word' id='word_1_319' title='bbox 842 2000 850 2033; x_wconf 82' lang='grc' dir='ltr'><strong>Η</strong></span> <span class='ocrx_word' id='word_1_320' title='bbox 869 2003 884 2024; x_wconf 85' lang='grc'><strong><em>3</em></strong></span> <span class='ocrx_word' id='word_1_321' title='bbox 905 2000 941 2024; x_wconf 78' lang='lat' dir='ltr'>ml</span> <span class='ocrx_word' id='word_1_322' title='bbox 962 1999 1072 2033; x_wconf 85' lang='lat' dir='ltr'>signum</span> <span class='ocrx_word' id='word_1_323' title='bbox 1091 2008 1167 2032; x_wconf 73' lang='lat' dir='ltr'>supr.</span> <span class='ocrx_word' id='word_1_324' title='bbox 1188 2008 1252 2026; x_wconf 75' lang='lat' dir='ltr'>vers,</span> <span class='ocrx_word' id='word_1_325' title='bbox 1274 1999 1383 2026; x_wconf 85' lang='lat' dir='ltr'>scilicet</span> <span class='ocrx_word' id='word_1_326' title='bbox 1401 1999 1523 2026; x_wconf 79' lang='lat' dir='ltr'>militare</span> 
     </span>
     <span class='ocr_line' id='line_1_39' title="bbox 246 2034 1522 2070; baseline 0 -9"><span class='ocrx_word' id='word_1_327' title='bbox 246 2036 270 2061; x_wconf 84' lang='lat' dir='ltr'><em>T</em></span> <span class='ocrx_word' id='word_1_328' title='bbox 282 2037 291 2069; x_wconf 78' lang='grc' dir='ltr'>ΙΙ</span> <span class='ocrx_word' id='word_1_329' title='bbox 311 2039 326 2061; x_wconf 86' lang='grc'>4</span> <span class='ocrx_word' id='word_1_330' title='bbox 346 2036 488 2062; x_wconf 79' lang='lat' dir='ltr'>tubiciuen</span> <span class='ocrx_word' id='word_1_331' title='bbox 510 2036 539 2061; x_wconf 82' lang='lat' dir='ltr'><em>F</em></span> <span class='ocrx_word' id='word_1_332' title='bbox 565 2036 717 2069; x_wconf 57' lang='lat' dir='ltr'>tubicffsfon</span> <span class='ocrx_word' id='word_1_333' title='bbox 740 2034 762 2060; x_wconf 73' lang='lat' dir='ltr'>(l</span> <span class='ocrx_word' id='word_1_334' title='bbox 779 2036 787 2068; x_wconf 76' lang='grc' dir='ltr'>ΙΙ</span> <span class='ocrx_word' id='word_1_335' title='bbox 806 2035 879 2060; x_wconf 84' lang='lat' dir='ltr'>filius</span> <span class='ocrx_word' id='word_1_336' title='bbox 904 2034 988 2060; x_wconf 75' lang='lat' dir='ltr'>fuisse</span> <span class='ocrx_word' id='word_1_337' title='bbox 1008 2034 1110 2061; x_wconf 79' lang='lat' dir='ltr'>dicitur</span> <span class='ocrx_word' id='word_1_338' title='bbox 1125 2035 1182 2061; x_wconf 79' lang='lat' dir='ltr'>FO</span> <span class='ocrx_word' id='word_1_339' title='bbox 1197 2035 1206 2068; x_wconf 80' lang='grc' dir='ltr'>ΙΙ</span> <span class='ocrx_word' id='word_1_340' title='bbox 1226 2035 1269 2070; x_wconf 83' lang='lat' dir='ltr'>ut]</span> <span class='ocrx_word' id='word_1_341' title='bbox 1288 2035 1360 2061; x_wconf 84' lang='lat' dir='ltr'>unde</span> <span class='ocrx_word' id='word_1_342' title='bbox 1381 2036 1421 2062; x_wconf 82' lang='lat' dir='ltr'>ait</span> <span class='ocrx_word' id='word_1_343' title='bbox 1441 2035 1499 2061; x_wconf 83' lang='lat' dir='ltr'>FC</span> <span class='ocrx_word' id='word_1_344' title='bbox 1515 2036 1522 2068; x_wconf 62' lang='lat' dir='ltr'>{l</span> 
     </span>
     <span class='ocr_line' id='line_1_40' title="bbox 244 2070 1522 2104; baseline 0 -7"><span class='ocrx_word' id='word_1_345' title='bbox 244 2075 259 2097; x_wconf 81' lang='grc'>6</span> <span class='ocrx_word' id='word_1_346' title='bbox 280 2071 385 2104; x_wconf 82' lang='lat' dir='ltr'>apollio</span> <span class='ocrx_word' id='word_1_347' title='bbox 406 2072 428 2097; x_wconf 69' lang='lat' dir='ltr'>(J</span> <span class='ocrx_word' id='word_1_348' title='bbox 449 2073 458 2104; x_wconf 77' lang='lat' dir='ltr'>ss</span> <span class='ocrx_word' id='word_1_349' title='bbox 484 2075 515 2097; x_wconf 74' lang='lat'>13</span> <span class='ocrx_word' id='word_1_350' title='bbox 536 2071 702 2097; x_wconf 80' lang='lat' dir='ltr'>habitabant</span> <span class='ocrx_word' id='word_1_351' title='bbox 723 2070 746 2096; x_wconf 71' lang='lat' dir='ltr'>(J</span> <span class='ocrx_word' id='word_1_352' title='bbox 766 2072 775 2104; x_wconf 80' lang='grc' dir='ltr'>ΙΙ</span> <span class='ocrx_word' id='word_1_353' title='bbox 801 2074 831 2095; x_wconf 79' lang='grc'>16</span> <span class='ocrx_word' id='word_1_354' title='bbox 852 2071 966 2096; x_wconf 85' lang='lat' dir='ltr'>humore</span> <span class='ocrx_word' id='word_1_355' title='bbox 986 2070 1060 2096; x_wconf 85' lang='lat' dir='ltr'>HM</span> <span class='ocrx_word' id='word_1_356' title='bbox 1086 2079 1162 2096; x_wconf 85' lang='lat' dir='ltr'>mare</span> <span class='ocrx_word' id='word_1_357' title='bbox 1184 2071 1206 2096; x_wconf 82' lang='lat'><em>0</em></span> <span class='ocrx_word' id='word_1_358' title='bbox 1221 2071 1230 2104; x_wconf 82' lang='grc' dir='ltr'>ΙΙ</span> <span class='ocrx_word' id='word_1_359' title='bbox 1256 2074 1287 2096; x_wconf 81' lang='grc'>19</span> <span class='ocrx_word' id='word_1_360' title='bbox 1308 2071 1357 2097; x_wconf 83' lang='lat' dir='ltr'>alii</span> <span class='ocrx_word' id='word_1_361' title='bbox 1376 2079 1441 2097; x_wconf 87' lang='lat' dir='ltr'>vero</span> <span class='ocrx_word' id='word_1_362' title='bbox 1462 2091 1467 2096; x_wconf 93' lang='lat'>.</span> <span class='ocrx_word' id='word_1_363' title='bbox 1489 2092 1494 2097; x_wconf 95' lang='lat'>.</span> <span class='ocrx_word' id='word_1_364' title='bbox 1516 2091 1522 2096; x_wconf 94' lang='lat'>.</span> 
     </span>
     <span class='ocr_line' id='line_1_41' title="bbox 244 2105 1520 2140; baseline 0 -8"><span class='ocrx_word' id='word_1_365' title='bbox 244 2106 372 2133; x_wconf 77' lang='lat' dir='ltr'>Electrae</span> <span class='ocrx_word' id='word_1_366' title='bbox 391 2110 450 2139; x_wconf 56' lang='lat' dir='ltr'>past</span> <span class='ocrx_word' id='word_1_367' title='bbox 472 2108 604 2140; x_wconf 63' lang='lat' dir='ltr'>probatur</span> <span class='ocrx_word' id='word_1_368' title='bbox 624 2107 682 2139; x_wconf 73' lang='lat' dir='ltr'>(lin.</span> <span class='ocrx_word' id='word_1_369' title='bbox 704 2108 748 2138; x_wconf 69' lang='lat'>26)</span> <span class='ocrx_word' id='word_1_370' title='bbox 767 2107 827 2132; x_wconf 75' lang='grc' dir='ltr'><em>ΙιαΙι.</em></span> <span class='ocrx_word' id='word_1_371' title='bbox 852 2105 880 2131; x_wconf 67' lang='grc' dir='ltr'><strong><em>Γ</em></strong></span> <span class='ocrx_word' id='word_1_372' title='bbox 896 2107 904 2139; x_wconf 82' lang='grc' dir='ltr'>ΙΙ</span> <span class='ocrx_word' id='word_1_373' title='bbox 924 2114 989 2131; x_wconf 86' lang='lat' dir='ltr'>vero</span> <span class='ocrx_word' id='word_1_374' title='bbox 1010 2113 1058 2131; x_wconf 85' lang='lat' dir='ltr'>om.</span> <span class='ocrx_word' id='word_1_375' title='bbox 1079 2106 1162 2139; x_wconf 71' lang='lat' dir='ltr'>LHH</span> <span class='ocrx_word' id='word_1_376' title='bbox 1177 2109 1211 2132; x_wconf 72' lang='lat'>20</span> <span class='ocrx_word' id='word_1_377' title='bbox 1231 2105 1461 2140; x_wconf 78' lang='lat' dir='ltr'>Electrae]⁸quae</span> <span class='ocrx_word' id='word_1_378' title='bbox 1482 2106 1520 2132; x_wconf 84' lang='lat' dir='ltr'>sie</span> 
     </span>
     <span class='ocr_line' id='line_1_42' title="bbox 244 2141 1523 2176; baseline -0.001 -8"><span class='ocrx_word' id='word_1_379' title='bbox 244 2142 373 2168; x_wconf 81' lang='lat' dir='ltr'>dicuntur</span> <span class='ocrx_word' id='word_1_380' title='bbox 388 2143 460 2168; x_wconf 71' lang='lat' dir='ltr'>elloo</span> <span class='ocrx_word' id='word_1_381' title='bbox 477 2142 585 2175; x_wconf 71' lang='lat' dir='ltr'>cypodo</span> <span class='ocrx_word' id='word_1_382' title='bbox 601 2142 720 2176; x_wconf 76' lang='lat' dir='ltr'>podarce</span> <span class='ocrx_word' id='word_1_383' title='bbox 735 2150 817 2174; x_wconf 80' lang='lat' dir='ltr'>quam</span> <span class='ocrx_word' id='word_1_384' title='bbox 831 2141 964 2174; x_wconf 79' lang='lat' dir='ltr'>Virgilius</span> <span class='ocrx_word' id='word_1_385' title='bbox 980 2141 1074 2167; x_wconf 82' lang='lat' dir='ltr'>celeno</span> <span class='ocrx_word' id='word_1_386' title='bbox 1086 2142 1174 2167; x_wconf 72' lang='lat' dir='ltr'>Lione</span> <span class='ocrx_word' id='word_1_387' title='bbox 1185 2144 1246 2168; x_wconf 72' lang='lat' dir='ltr'>leste</span> <span class='ocrx_word' id='word_1_388' title='bbox 1258 2141 1320 2168; x_wconf 75' lang='lat' dir='ltr'>add.</span> <span class='ocrx_word' id='word_1_389' title='bbox 1332 2141 1467 2173; x_wconf 80' lang='lat' dir='ltr'>Guelferb.</span> <span class='ocrx_word' id='word_1_390' title='bbox 1483 2141 1500 2166; x_wconf 94' lang='grc' dir='ltr'><em>Ι</em></span> <span class='ocrx_word' id='word_1_391' title='bbox 1514 2142 1523 2175; x_wconf 58' lang='lat' dir='ltr'>l}</span> 
     </span>
     <span class='ocr_line' id='line_1_43' title="bbox 245 2176 1521 2211; baseline 0 -8"><span class='ocrx_word' id='word_1_392' title='bbox 245 2181 277 2204; x_wconf 78' lang='lat'>20</span> <span class='ocrx_word' id='word_1_393' title='bbox 298 2178 328 2203; x_wconf 84' lang='lat' dir='ltr'>ut</span> <span class='ocrx_word' id='word_1_394' title='bbox 347 2177 459 2211; x_wconf 85' lang='lat' dir='ltr'>quidam</span> <span class='ocrx_word' id='word_1_395' title='bbox 478 2178 527 2211; x_wconf 63' lang='lat' dir='ltr'>1¹*ss</span> <span class='ocrx_word' id='word_1_396' title='bbox 542 2177 702 2204; x_wconf 67' lang='lat' dir='ltr'>uerbi-aliter</span> <span class='ocrx_word' id='word_1_397' title='bbox 718 2177 753 2209; x_wconf 68' lang='grc' dir='ltr'>κ’,</span> <span class='ocrx_word' id='word_1_398' title='bbox 774 2186 841 2202; x_wconf 72' lang='lat' dir='ltr'>corr.</span> <span class='ocrx_word' id='word_1_399' title='bbox 865 2177 964 2202; x_wconf 75' lang='lat' dir='ltr'>Daniel</span> <span class='ocrx_word' id='word_1_400' title='bbox 978 2177 986 2210; x_wconf 83' lang='grc' dir='ltr'>Η</span> <span class='ocrx_word' id='word_1_401' title='bbox 1001 2180 1033 2202; x_wconf 77' lang='lat'>21</span> <span class='ocrx_word' id='word_1_402' title='bbox 1050 2176 1122 2203; x_wconf 83' lang='lat' dir='ltr'>belle</span> <span class='ocrx_word' id='word_1_403' title='bbox 1135 2177 1171 2209; x_wconf 80' lang='lat' dir='ltr'>F,</span> <span class='ocrx_word' id='word_1_404' title='bbox 1191 2184 1258 2203; x_wconf 75' lang='lat' dir='ltr'>corr.</span> <span class='ocrx_word' id='word_1_405' title='bbox 1272 2176 1451 2203; x_wconf 75' lang='lat' dir='ltr'>Oommelinus</span> <span class='ocrx_word' id='word_1_406' title='bbox 1465 2177 1474 2210; x_wconf 82' lang='grc' dir='ltr'>ΙΙ</span> <span class='ocrx_word' id='word_1_407' title='bbox 1489 2180 1521 2203; x_wconf 76' lang='grc'>22</span> 
     </span>
     <span class='ocr_line' id='line_1_44' title="bbox 244 2211 1521 2246; baseline -0.001 -7"><span class='ocrx_word' id='word_1_408' title='bbox 244 2214 281 2239; x_wconf 78' lang='lat' dir='ltr'>cul</span> <span class='ocrx_word' id='word_1_409' title='bbox 304 2213 416 2239; x_wconf 84' lang='lat' dir='ltr'>foedare</span> <span class='ocrx_word' id='word_1_410' title='bbox 435 2221 510 2246; x_wconf 72' lang='lat' dir='ltr'>supr.</span> <span class='ocrx_word' id='word_1_411' title='bbox 533 2222 598 2239; x_wconf 56' lang='lat' dir='ltr'>vers.</span> <span class='ocrx_word' id='word_1_412' title='bbox 620 2213 764 2239; x_wconf 72' lang='lat' dir='ltr'>cruentare</span> <span class='ocrx_word' id='word_1_413' title='bbox 787 2212 811 2237; x_wconf 83' lang='lat'>‘1&#39;</span> <span class='ocrx_word' id='word_1_414' title='bbox 833 2213 841 2245; x_wconf 84' lang='grc' dir='ltr'>ΙΙ</span> <span class='ocrx_word' id='word_1_415' title='bbox 865 2211 969 2238; x_wconf 73' lang='lat' dir='ltr'>Ennius</span> <span class='ocrx_word' id='word_1_416' title='bbox 989 2212 1061 2238; x_wconf 80' lang='lat' dir='ltr'>ferro</span> <span class='ocrx_word' id='word_1_417' title='bbox 1082 2211 1187 2238; x_wconf 78' lang='lat' dir='ltr'>foedati</span> <span class='ocrx_word' id='word_1_418' title='bbox 1206 2212 1298 2238; x_wconf 76' lang='lat' dir='ltr'>iacent</span> <span class='ocrx_word' id='word_1_419' title='bbox 1317 2212 1439 2238; x_wconf 77' lang='lat' dir='ltr'>Ambros.</span> <span class='ocrx_word' id='word_1_420' title='bbox 1458 2212 1468 2243; x_wconf 85' lang='grc' dir='ltr'>ΙΙ</span> <span class='ocrx_word' id='word_1_421' title='bbox 1488 2215 1521 2238; x_wconf 67' lang='lat'>24</span> 
     </span>
     <span class='ocr_line' id='line_1_45' title="bbox 244 2246 1519 2282; baseline -0.002 -7"><span class='ocrx_word' id='word_1_422' title='bbox 244 2249 369 2275; x_wconf 81' lang='lat' dir='ltr'>Donatus</span> <span class='ocrx_word' id='word_1_423' title='bbox 388 2248 468 2282; x_wconf 73' lang='lat' dir='ltr'>dicit]</span> <span class='ocrx_word' id='word_1_424' title='bbox 489 2248 536 2274; x_wconf 82' lang='lat' dir='ltr'>alii</span> <span class='ocrx_word' id='word_1_425' title='bbox 557 2249 652 2274; x_wconf 81' lang='lat' dir='ltr'>dicunt</span> <span class='ocrx_word' id='word_1_426' title='bbox 673 2248 722 2281; x_wconf 71' lang='lat'>1¹¹1!</span> <span class='ocrx_word' id='word_1_427' title='bbox 737 2250 769 2273; x_wconf 73' lang='lat'>25</span> <span class='ocrx_word' id='word_1_428' title='bbox 790 2248 875 2274; x_wconf 76' lang='lat' dir='ltr'>fuisse</span> <span class='ocrx_word' id='word_1_429' title='bbox 895 2256 944 2273; x_wconf 81' lang='lat' dir='ltr'>om.</span> <span class='ocrx_word' id='word_1_430' title='bbox 963 2247 1117 2282; x_wconf 73' lang='lat' dir='ltr'>Fuerant]</span> <span class='ocrx_word' id='word_1_431' title='bbox 1138 2248 1202 2274; x_wconf 84' lang='lat' dir='ltr'>sunt</span> <span class='ocrx_word' id='word_1_432' title='bbox 1218 2246 1307 2281; x_wconf 72' lang='grc'><strong>01127</strong></span> <span class='ocrx_word' id='word_1_433' title='bbox 1327 2247 1364 2273; x_wconf 72' lang='lat' dir='ltr'>ml</span> <span class='ocrx_word' id='word_1_434' title='bbox 1383 2255 1519 2274; x_wconf 77' lang='lat' dir='ltr'>semesam</span> 
     </span>
     <span class='ocr_line' id='line_1_46' title="bbox 243 2281 1521 2318; baseline -0.002 -7"><span class='ocrx_word' id='word_1_435' title='bbox 243 2293 319 2318; x_wconf 79' lang='lat' dir='ltr'>supr.</span> <span class='ocrx_word' id='word_1_436' title='bbox 338 2292 404 2311; x_wconf 67' lang='lat' dir='ltr'>vers:</span> <span class='ocrx_word' id='word_1_437' title='bbox 425 2281 636 2310; x_wconf 56' lang='lat' dir='ltr'>seinicomcsam</span> <span class='ocrx_word' id='word_1_438' title='bbox 661 2284 683 2308; x_wconf 81' lang='lat' dir='ltr'>&#39;l&#39;</span> <span class='ocrx_word' id='word_1_439' title='bbox 696 2284 705 2316; x_wconf 83' lang='grc' dir='ltr'>ΙΙ</span> <span class='ocrx_word' id='word_1_440' title='bbox 720 2292 794 2309; x_wconf 81' lang='lat' dir='ltr'>scine</span> <span class='ocrx_word' id='word_1_441' title='bbox 815 2292 953 2309; x_wconf 79' lang='lat' dir='ltr'>comesam</span> <span class='ocrx_word' id='word_1_442' title='bbox 975 2283 1025 2316; x_wconf 75' lang='lat' dir='ltr'>Fu</span> <span class='ocrx_word' id='word_1_443' title='bbox 1040 2283 1083 2310; x_wconf 79' lang='lat' dir='ltr'>acl.</span> <span class='ocrx_word' id='word_1_444' title='bbox 1104 2283 1224 2314; x_wconf 67' lang='lat' dir='ltr'>vestigia</span> <span class='ocrx_word' id='word_1_445' title='bbox 1242 2291 1316 2315; x_wconf 70' lang='lat' dir='ltr'>supr.</span> <span class='ocrx_word' id='word_1_446' title='bbox 1332 2290 1396 2310; x_wconf 72' lang='lat' dir='ltr'>vers,</span> <span class='ocrx_word' id='word_1_447' title='bbox 1413 2283 1459 2309; x_wconf 80' lang='lat' dir='ltr'>uel</span> <span class='ocrx_word' id='word_1_448' title='bbox 1474 2291 1521 2317; x_wconf 82' lang='lat' dir='ltr'>pc—</span> 
     </span>
     <span class='ocr_line' id='line_1_47' title="bbox 245 2317 1521 2354; baseline -0.001 -9"><span class='ocrx_word' id='word_1_449' title='bbox 245 2321 310 2346; x_wconf 80' lang='lat' dir='ltr'>‹Ium</span> <span class='ocrx_word' id='word_1_450' title='bbox 335 2320 414 2354; x_wconf 78' lang='lat' dir='ltr'>signu.</span> <span class='ocrx_word' id='word_1_451' title='bbox 437 2320 480 2346; x_wconf 86' lang='lat' dir='ltr'>uel</span> <span class='ocrx_word' id='word_1_452' title='bbox 507 2319 591 2345; x_wconf 75' lang='lat' dir='ltr'>etiam</span> <span class='ocrx_word' id='word_1_453' title='bbox 612 2319 744 2345; x_wconf 83' lang='lat' dir='ltr'>indicium</span> <span class='ocrx_word' id='word_1_454' title='bbox 764 2319 884 2345; x_wconf 84' lang='lat' dir='ltr'>sordium</span> <span class='ocrx_word' id='word_1_455' title='bbox 907 2318 1005 2351; x_wconf 76' lang='lat' dir='ltr'>quibus</span> <span class='ocrx_word' id='word_1_456' title='bbox 1025 2317 1151 2344; x_wconf 86' lang='lat' dir='ltr'>sordibus</span> <span class='ocrx_word' id='word_1_457' title='bbox 1172 2317 1344 2344; x_wconf 83' lang='lat' dir='ltr'>discedentes</span> <span class='ocrx_word' id='word_1_458' title='bbox 1364 2317 1440 2352; x_wconf 77' lang='lat' dir='ltr'>ipsae</span> <span class='ocrx_word' id='word_1_459' title='bbox 1462 2319 1521 2352; x_wconf 84' lang='lat' dir='ltr'>pol-</span> 
     </span>
     <span class='ocr_line' id='line_1_48' title="bbox 246 2355 539 2390; baseline -0.003 -8"><span class='ocrx_word' id='word_1_460' title='bbox 246 2356 359 2382; x_wconf 75' lang='lat' dir='ltr'>luebant</span> <span class='ocrx_word' id='word_1_461' title='bbox 379 2355 492 2390; x_wconf 78' lang='lat' dir='ltr'>aepulas</span> <span class='ocrx_word' id='word_1_462' title='bbox 515 2355 539 2381; x_wconf 80' lang='grc' dir='ltr'><em>Τ</em></span> 
     </span>
    </p>
   </div>
  </div>
 </body>
</html>
