1690 2611
503 103 615 131 COMM.
636 103 674 129 IN
695 102 800 129 VERG.
820 102 904 128 AEN.
927 103 944 128 1.
966 105 1078 128 66-69.
1388 100 1429 132 39

151 191 230 221 sorte
252 189 354 219 iussus
377 187 550 224 discederet,
578 186 612 216 in
640 184 723 216 mari
745 184 826 224 quod
849 183 1041 224 Tyrrhenum
1069 183 1107 215 ab
1131 194 1162 215 eo
1186 185 1310 215 vocatur
1328 183 1431 223 periit.

82 251 83 258 ¹
122 231 128 237 ⁸
154 243 242 274 euius
264 242 350 282 filius
376 241 491 272 Tuscus
514 250 583 271 cum
600 238 715 279 populo
743 237 837 269 evasit
867 238 898 268 in
926 237 1076 277 reyionem
1102 237 1259 277 Tusciam,
1289 246 1366 276 quae
1394 236 1431 267 ab

152 306 184 327 eo
211 305 320 327 nomen
348 294 468 334 accepit.
569 300 783 324 TYRRHENVM
807 290 1012 332 Tyrrhenum
1036 301 1123 321 mare
1153 290 1274 321 dietum
1304 292 1353 320 est
1380 289 1431 320 vel

153 348 237 390 quod
256 348 408 379 Tusciam
432 346 549 384 adluit,
573 345 605 377 id
629 347 678 376 est
697 344 923 386 Tyrrheniam,
948 343 999 375 vel
1023 345 1099 374 certe
1118 354 1136 374 a
1156 343 1332 383 Tyrrhenis
1356 354 1431 373 nau-

152 402 209 443 tis,
235 401 288 443 qui
309 412 342 432 se
362 401 396 432 in
415 400 476 432 hoc
495 410 582 430 mare
602 397 906 439 praecipitaverunt.
942 407 1079 437 namque
1103 396 1165 427 hoc
1188 396 1287 427 habet
1311 395 1432 437 fabula,

153 455 366 487 dormientem
398 454 431 485 in
464 453 560 483 litore
593 451 746 482 Liberum
780 451 905 491 patrem
937 460 1072 490 puerum
1105 451 1221 480 nautas
1258 448 1431 480 abstulisse

153 508 349 550 Tyrrhenos.
380 507 522 548 quicum
538 506 622 536 esset
643 506 848 545 experrectus
868 503 901 534 in
920 503 1009 543 navi,
1029 514 1091 544 quo
1108 503 1275 533 duceretur
1290 502 1430 542 rogavit3

153 562 387 603 responderunt
418 559 481 600 iHi,
514 569 575 599 quo
609 558 716 589 vellet.
762 556 858 588 Liber
892 556 938 587 ait
971 556 1011 587 ad
1038 555 1168 588 Naxum
1199 555 1338 586 insulam
1370 554 1431 585 sibi

154 616 321 647 sacratam.
368 614 402 645 at
425 613 599 653 coeperunt
624 610 687 642 alio
712 610 785 642 vela
813 610 994 650 deflectere,
1023 620 1121 650 quam
1150 609 1191 640 ob
1216 619 1283 639 rem
1312 607 1431 638 iratum

154 680 272 700 numen
294 667 396 708 tigres
421 665 484 697 sibi
504 666 646 696 sacratas
666 664 762 695 iussit
778 663 894 704 videri,
918 674 980 704 quo
1000 664 1124 694 terrore
1145 673 1178 693 se
1198 661 1248 692 illi
1267 661 1301 692 in
1316 661 1431 691 fluctus

153 722 268 754 dedere
301 720 503 762 praecipites.
554 718 612 749 alit
639 717 756 758 (licant,
784 717 865 757 quod
894 719 1033 757 stuprum
1061 716 1171 748 Libero
1197 715 1287 755 patri
1321 714 1433 753 [inferre

153 774 365 815 temptaverint
391 783 427 804 ac
453 774 616 813 propterea
643 771 697 802 hoc
723 770 918 811 pertulerint.
1012 783 1083 801 mm
1098 782 1230 802 NAVIGAT
1260 768 1293 799 id
1325 770 1367 798 cst
1401 767 1432 798 ιή

153 839 252 860 memn
282 828 422 859 dolorem.
517 833 672 856 NAVIGAT
702 832 843 861 AEQVOR
873 823 976 865 figura
1004 822 1127 854 Graeca
1160 824 1222 862 est3
1254 832 1314 852 nos
1348 820 1432 851 enim

154 882 289 913 dicimus
322 892 379 922 per
412 891 531 921 aequor
563 878 707 919 navigat.
760 877 911 908 similiter
944 877 1042 908 etiam
1075 876 1139 907 alio
1173 875 1243 906 loco
1276 877 1432 915 terram,

154 946 270 975 mare,
299 934 428 965 sidera
455 933 552 974 iuro,
584 943 656 963 cum
683 930 829 962 latinitas
859 930 982 971 exigat,
1011 932 1047 961 ut
1075 929 1210 960 addatur
1234 928 1433 969 praepositio

148 999 214 1029 per.
252 990 285 1020 et
306 999 371 1019 non
399 988 493 1018 vacat
517 985 601 1027 quod
625 983 860 1026 ‘Tyrrhenum’
886 983 1021 1024 addidit3
1052 983 1178 1014 videtur
1207 981 1292 1013 enim
1321 981 1434 1022 dicere,

154 1043 219 1074 iam
244 1043 289 1073 eis
314 1041 445 1073 Italiam
470 1051 539 1071 esse
563 1039 711 1070 vicinam.

245 1095 295 1126 68.
332 1102 432 1125 imvm
452 1102 488 1124 IN
508 1101 653 1124 ITALIAM
673 1100 830 1123 PORTANS
851 1090 882 1122 id
903 1092 953 1122 est
972 1101 1023 1121 res
1042 1089 1186 1121 Ilienses.
1225 1091 1257 1120 et
1276 1089 1433 1120 invidiose

153 1149 231 1180 dicit
259 1148 369 1185 Ilium,
403 1147 494 1188 quasi
524 1146 628 1187 ipsam
657 1146 767 1177 cernat
800 1144 978 1185 civitatem,
1013 1155 1084 1175 cum
1114 1142 1271 1174 Troianos
1305 1152 1434 1183 aspexe-

153 1202 205 1233 rit.
291 1204 319 1232 et
332 1201 402 1232 bene
417 1199 548 1238 ‘Ilium',
566 1200 620 1231 hoc
635 1202 677 1230 est
694 1209 788 1239 quam
804 1198 875 1238 fata
893 1200 974 1229 stare
992 1197 1155 1228 noluerint.
1238 1204 1432 1233 VICTOSQVE

155 1263 308 1286 PENATES
333 1265 353 1285 α
377 1253 512 1286 Graecis.
553 1252 652 1284 tacite
677 1252 816 1283 occurrit
840 1251 1038 1293 quaestioni:
1062 1252 1172 1291 portat
1197 1249 1325 1291 quidem
1349 1249 1434 1290 deos,

156 1308 211 1340 sed
236 1308 352 1348 victos,
375 1307 436 1339 hoe
461 1308 511 1338 est
535 1306 798 1346 contemnendos,
822 1316 859 1337 nc
881 1306 980 1345 facere
1004 1307 1109 1336 contra
1135 1304 1258 1335 invictos
1281 1302 1380 1347 nol—Zet.

209 1384 214 1388 .
244 1362 295 1393 69.
336 1369 467 1392 INCVTE
490 1369 553 1391 vnn
578 1368 705 1391 VEers
735 1360 852 1400 duplex
882 1370 992 1390 sensus
1021 1361 1083 1389 est:
1117 1356 1256 1404 ‘incute'
1292 1356 1377 1387 enim
1406 1356 1431 1387 si

156 1415 237 1446 inice
262 1414 438 1455 significat,
463 1412 598 1445 ‘ventis’
624 1412 752 1444 dativus
777 1415 825 1443 est
850 1424 954 1452 casus,
983 1411 1036 1442 hoc
1057 1414 1111 1449 est,
1130 1420 1232 1451 parva
1256 1412 1299 1441 est
1321 1419 1433 1450 eorum,

155 1469 247 1500 etiam
272 1470 304 1499 tu
327 1468 369 1499 eis
391 1468 432 1498 (ῑα
452 1477 597 1507 mayozam
618 1466 693 1503 vinu
719 1465 746 1496 si
769 1467 876 1496 autem
898 1463 990 1504 (Ἐπ’,
1015 1463 1171 1504 septimus
1197 1473 1289 1494 casus
1314 1463 1376 1503 est,
1400 1464 1433 1494 et

157 1521 218 1553 erit
242 1532 369 1552 sensus:
394 1520 445 1551 fac
468 1520 534 1550 vim
557 1519 705 1550 Troianis
730 1530 787 1559 per
811 1520 938 1558 ventos,
962 1518 1015 1549 hoe
1038 1520 1091 1558 est,
1110 1527 1167 1557 per
1190 1519 1291 1547 ventos
1317 1516 1376 1547 cim
1401 1516 1433 1546 in

159 1575 309 1606 Troianos
339 1574 444 1605 incute.
490 1573 618 1604 Ennius
646 1572 756 1603 dietis
787 1571 966 1602 Romanis
996 1571 1127 1602 incutit
1156 1570 1258 1600 e'rcmn.
1357 1577 1433 1600 SVB-

227 1710 242 1732 3
268 1706 441 1739 Tyrrhenum
470 1714 545 1731 mare
570 1725 574 1730 .
596 1726 600 1730 .
622 1725 626 1730 .
652 1703 918 1738 praecipitaverunt]
949 1711 1034 1729 esser.
1058 1702 1121 1728 Isid.
1147 1701 1214 1735 orig.
1239 1701 1304 1727 XIII
1325 1704 1369 1733 16,
1391 1704 1404 1726 7
1425 1702 1432 1733 ,1

156 1746 170 1767 5
191 1750 308 1775 namque
328 1741 380 1767 hoc
399 1741 485 1767 habet
502 1741 598 1767 fabula
618 1749 639 1766 e„
661 1749 685 1773 q.
707 1740 738 1774 s.]
760 1747 844 1765 exscr.
865 1739 1003 1772 mythogr.
1024 1739 1034 1764 Ι
1056 1741 1114 1771 122,
1134 1737 1158 1763 II
1175 1737 1248 1769 17111
1266 1739 1296 1762 14
1316 1736 1431 1770 terram]

156 1777 186 1802 A.
206 1777 257 1802 XII
280 1778 398 1810 1971127
420 1776 537 1811 Ennius]
558 1776 648 1802 annal.
670 1775 718 1801 rel.
740 1777 789 1801 582
810 1774 893 1800 Vahl.

229 1903 241 1926 1
267 1901 340 1926 sorte
365 1909 413 1927 om.
434 1901 537 1927 Daniel
563 1901 572 1934 ΙΙ
601 1903 615 1926 5
636 1899 902 1934 praecipitaverunt]
923 1898 1082 1925 deiecerunt
1100 1898 1171 1924 BM
1197 1899 1206 1931 ss
1234 1905 1352 1930 namque
1373 1919 1378 1923 .
1400 1918 1404 1922 .
1426 1918 1431 1923 .

155 1936 324 1970 Tyrrhenos]
345 1935 393 1969 qui
411 1936 530 1962 liberum
548 1937 657 1969 patrem
676 1935 861 1961 dormientem
880 1934 913 1960 de
934 1934 1015 1960 litore
1035 1933 1206 1960 sustulerunt
1219 1933 1289 1958 BM
1303 1933 1311 1966 ss
1327 1936 1341 1958 7
1360 1933 1434 1959 esset

156 1972 332 2005 experrectus
356 1971 387 1996 Κ
393 1970 446 1997 0*.“
475 1972 547 1997 esset
570 1971 779 2005 expergefaetus
807 1970 833 1996 L
860 1970 989 2003 mytltoyr.
1011 1975 1046 2001 Il,
1074 1970 1119 1995 sed
1147 1969 1272 2003 gefactus
1296 1969 1326 1994 in
1350 1976 1404 1995 ras.
1424 1969 1433 1994 l

155 2007 317 2040 euigilasset
334 2006 452 2032 BMEZ
469 2007 479 2040 ll
497 2015 550 2039 quo
570 2007 702 2032 ducerent
720 2006 800 2032 illum
820 2006 848 2031 E
866 2006 875 2039 ΙΙ
893 2005 1079 2039 interrogauit
1100 2004 1140 2031 0*
1159 2005 1288 2038 mythoyr.
1309 2009 1323 2027 I
1355 2003 1432 2037 igno-

155 2042 230 2068 rauit
250 2042 286 2068 M
307 2042 316 2075 ΙΙ
340 2045 355 2068 8
374 2041 576 2075 responderunt
594 2041 649 2076 illi]
673 2042 715 2068 illi
735 2041 863 2067 dixerunt
881 2041 951 2066 BM
972 2041 981 2074 11
1005 2049 1059 2074 quo
1079 2040 1200 2066 uolueris
1219 2039 1250 2065 Κ
1254 2039 1278 2064 L
1298 2039 1394 2071 (uellet
1413 2040 1431 2071 J)

157 2078 285 2112 mytlzoyr.
307 2083 330 2101 l!
348 2078 357 2111 11
381 2077 417 2103 ad
436 2085 484 2103 om.
506 2077 564 2102 KL
584 2078 656 2110 (add.
673 2078 690 2109 l)
705 2077 714 2111 11
736 2080 750 2103 9
771 2078 801 2102 at
820 2076 855 2103 G.-
876 2077 904 2102 et
920 2076 978 2101 KL
993 2077 1001 2110 ΙΙ
1016 2078 1045 2102 at
1065 2097 1070 2101 .
1087 2097 1092 2101 .
1109 2097 1114 2102 .
1135 2084 1217 2109 quan]
1238 2075 1272 2101 ob
1293 2075 1362 2109 rem]
1384 2075 1431 2100 sed

156 2122 217 2139 cum
243 2113 297 2139 alio
322 2113 386 2139 uela
408 2112 587 2138 deflecterent
606 2113 721 2141 BME,
748 2113 804 2137 visi
827 2112 898 2145 quod
930 2111 985 2137 alio
1010 2111 1071 2137 loco
1091 2111 1118 2136 B
1146 2112 1154 2145 Ι]
1184 2114 1216 2137 10
1239 2110 1320 2136 iussit
1343 2110 1430 2135 uideri

157 2149 186 2174 K
192 2149 258 2174 GL.-
283 2148 389 2174 nisibus
413 2156 508 2174 eorum
532 2147 635 2173 obiecit
656 2148 727 2173 BM
732 2147 775 2173 ΕΖ
798 2147 927 2181 mythoyr.
951 2152 964 2170 Ι
980 2149 1004 2172 et
1024 2152 1049 2170 II
1069 2148 1077 2180 ΙΙ
1105 2147 1133 2172 in
1153 2147 1251 2172 fluctus
1275 2154 1324 2171 om,
1344 2145 1402 2171 KG

158 2187 187 2210 11
209 2184 308 2210 dedere
328 2183 508 2217 praecipites]
533 2182 698 2216 praecipites
718 2183 815 2208 dantes
835 2181 906 2208 mari
922 2190 1023 2208 nomen
1043 2182 1180 2208 dederunt
1200 2182 1223 2208 C
1242 2183 1251 2215 u
1277 2184 1307 2206 13
1328 2190 1431 2209 AEQvou

155 2217 206 2253 τὴν
225 2218 374 2245 θάλασσαν
393 2218 472 2245 πλέει
488 2219 515 2244 I)
529 2220 538 2252 ΙΙ
555 2221 585 2244 18
602 2219 637 2244 ad
651 2221 719 2244 1·,68
739 2218 830 2250 Ilium]
851 2217 930 2250 quasi
945 2237 950 2243 .
963 2237 968 2243 .
981 2238 986 2243 .
1001 2217 1148 2250 aspexerit.
1177 2217 1328 2249 victosque
1347 2223 1430 2249 pena-

155 2255 210 2289 tes]
230 2263 247 2280 a
262 2254 382 2280 Graecis.
400 2254 427 2279 P
439 2256 447 2287 ΙΙ
463 2257 494 2280 21
511 2263 625 2279 pessus
644 2262 678 2279 ne
697 2253 797 2280 timeat
813 2252 915 2278 Aeolus
933 2254 1049 2286 penates
1068 2253 1178 2279 laedere
1194 2253 1222 2278 D
1236 2254 1245 2285 n
1260 2253 1288 2285 et
1303 2251 1368 2277 deos
1383 2251 1407 2275 L

157 2293 190 2315 22
206 2291 258 2316 hoc
274 2292 317 2316 est
330 2290 428 2315 BMI:
448 2291 476 2316 et
490 2289 585 2315 KLE
602 2288 631 2314 id
646 2290 688 2315 est.
704 2288 746 2322 011
761 2291 793 2314 23
810 2288 845 2314 acl
859 2297 882 2314 υ.
895 2291 927 2314 69
947 2288 1044 2314 Incute
1058 2288 1116 2314 nim
1130 2287 1234 2321 uentis]
1250 2287 1278 2313 id
1294 2288 1336 2312 est
1350 2285 1428 2314 inice,

158 2325 265 2360 Ventis]
286 2325 396 2352 datiuus
417 2327 465 2352 est.
488 2325 536 2358 ΡΙΙ
550 2328 582 2350 27
603 2324 704 2350 incutit
723 2324 915 2351 Commclinus:
940 2323 1040 2350 inculit
1060 2324 1082 2350 0

1454 666 1484 689 10

1455 935 1487 957 15

1454 1202 1487 1225 20

1453 1468 1485 1493 25
