1690 2611
204 91 277 118 LXX
734 91 949 118 PRAEFATIO.

207 174 335 204 centum
361 172 427 203 fere
453 172 546 203 anuis
571 174 646 214 post
671 173 816 206 Servium
849 174 942 212 vixit,
972 174 1164 215 ubicumque
1193 185 1265 205 eum
1294 186 1484 209 commemo-

208 226 291 257 ravit
315 225 375 257 hoc
401 236 464 256 uno
490 225 618 258 nomine
643 238 719 258 usus
745 230 802 259 est.
846 227 1027 268 Vergiliani
1052 229 1160 258 autem
1186 229 1409 261 commentarii
1433 241 1483 262 co-

206 279 292 310 dices
318 279 454 310 saeculis
469 278 514 309 IX
539 279 568 310 X
591 279 637 311 XI
653 281 776 312 exarati
801 280 921 311 ‘Servii
946 280 1166 322 grammatici’
1191 281 1319 313 nomine
1338 282 1485 325 inscripti

207 334 282 363 sunt
307 334 403 374 atque
428 332 465 363 de
490 335 618 364 centum
643 334 754 365 metris
783 334 945 374 libellum,
969 333 997 364 si
1021 333 1113 365 libris
1133 346 1230 366 manu
1255 335 1382 377 scriptis
1406 337 1485 368 fides

207 388 268 427 est,
293 386 500 418 ‘Clarissimo
517 386 654 419 Albino’
680 388 769 419 misit
796 387 945 419 ‘Servius
962 387 1217 429 grammaticus'.
1261 399 1323 429 quo
1342 391 1486 431 tempore

207 440 335 471 nomine
369 440 478 471 nescio
513 452 576 481 qua
610 452 705 472 eausa
740 442 890 482 corrupto
923 440 1053 483 Sergius
1087 442 1245 483 appellari
1278 444 1410 483 coeptus
1444 443 1487 475 sit

207 493 439 535 grammaticus
466 505 530 524 non
560 505 690 534 possum
721 494 839 525 dicere:
872 493 993 526 Lucani
1018 495 1103 526 enim
1133 497 1315 526 commenta
1343 496 1383 527 ab
1408 495 1486 528 Vse-

207 558 283 578 nero
311 547 411 588 edita,
437 548 470 578 in
496 547 612 588 quibus
643 546 773 588 Sergius
798 547 937 588 Vergilii
967 549 1203 580 commentator
1233 548 1395 590 laudatur,
1425 561 1487 590 quo

207 602 351 642 tempore
377 602 447 631 orta
472 600 537 631 sint
562 601 719 631 incertum
745 602 801 631 est.
850 600 904 631 sed
933 599 1127 632 Bobiensem
1154 602 1288 643 librum,
1322 603 1376 643 qui
1404 613 1489 634 nunc

208 657 256 685 est
281 654 542 685 Vindobonensis
572 655 624 695 16,
654 665 716 695 quo
748 653 860 695 Sergio
890 654 1077 685 tribuuntur
1106 654 1143 685 de
1173 655 1284 687 littera
1307 658 1490 687 commenta

209 707 269 750 (IV
296 719 324 748 p.
348 708 414 738 475
439 706 506 749 K),
536 707 675 748 ¹septimo
701 707 829 738 saeculo
861 707 910 738 vel
936 710 1049 739 octavo
1074 708 1203 739 ineunte
1233 709 1390 750 scriptum
1419 721 1489 741 esse

209 761 269 792 viri
300 761 386 792 docti
415 761 538 801 dicunt,
568 763 665 801 atque
698 760 879 791 Pal-isinum
911 761 1011 802 7530,
1040 761 1073 792 in
1103 773 1165 802 quo
1196 763 1428 794 commentario
1456 763 1489 794 in

210 815 372 846 Donatum
397 814 475 845 haec
505 814 663 855 inscripta
692 817 767 845 sunt
799 813 932 855 ‘incipit
960 825 1035 855 pars
1065 814 1186 856 Sergii'
1216 818 1330 847 octavo
1361 817 1488 848 saeculo

210 869 323 899 tribuit
351 868 485 899 Keilius.
533 868 670 909 denique
707 867 761 908 qui
790 867 874 899 inter
902 867 1083 909 Vergiliani
1113 869 1337 900 commentarii
1366 870 1489 901 codices

210 922 449 953 vetustissimus
479 923 626 962 putatur,
656 921 829 953 Bernensis
859 922 937 963 363,
967 924 1153 963 corruptam
1182 922 1323 954 nominis
1352 923 1490 954 formam

210 976 242 1007 in
266 976 362 1007 titulo
388 975 526 1006 exhibet.

298 1029 460 1060 Honorati
484 1039 664 1070 cognomen
689 1029 846 1070 primum,
879 1029 963 1070 quod
989 1029 1105 1069 sciam,
1134 1028 1167 1059 in
1192 1028 1296 1060 libelli
1325 1029 1362 1060 de
1391 1029 1493 1061 finali-

210 1084 269 1114 bus
295 1082 503 1123 inscriptione
528 1083 652 1114 nomini
678 1083 821 1114 additum
847 1085 912 1114 est:
938 1083 1017 1114 haec
1039 1082 1123 1113 enim
1139 1082 1309 1114 Bobiensis
1327 1084 1358 1114 et
1371 1082 1491 1114 Frisiu-

211 1137 320 1179 gensis
355 1135 450 1177 (saec.
484 1135 527 1178 X)
562 1136 718 1168 memoria
752 1136 899 1168 ‘Servius
931 1136 1112 1168 honoratus
1146 1136 1290 1177 aquilino
1324 1136 1494 1178 salutem'3

211 1191 273 1232 ipsi
300 1192 408 1221 autem
435 1189 701 1221 commentationi
728 1188 789 1231 (IV
814 1202 843 1231 p.
868 1190 947 1231 449,
972 1191 991 1221 6
1016 1189 1068 1231 K.)
1099 1189 1131 1220 in
1155 1189 1311 1221 Bobiensi
1337 1188 1391 1220 ‘de
1417 1189 1491 1220 fina-

210 1244 295 1274 libus
329 1241 491 1274 Honorati
526 1242 761 1284 grammatici',
801 1243 834 1273 in
868 1242 1070 1284 Frisingensi
1105 1242 1237 1284 ‘incipit
1273 1242 1311 1274 de
1343 1242 1493 1274 finalibus

211 1297 328 1329 litteris
360 1296 522 1328 Honorati
555 1295 776 1338 grammatici'
813 1296 1036 1338 praepositum
1069 1298 1125 1328 est.
1179 1295 1276 1327 Marii
1308 1296 1358 1328 vel
1388 1295 1494 1327 Mauri

212 1361 408 1392 praenomen
433 1350 466 1381 in
491 1349 654 1381 codicibus
682 1350 718 1380 de
744 1351 873 1381 centum
898 1350 1010 1381 metris
1034 1349 1136 1381 libelli
1156 1349 1295 1380 maxime
1319 1349 1492 1380 invenitur.

212 1406 248 1436 cf.
275 1416 356 1446 quae
380 1404 505 1436 Keilius
530 1406 607 1435 tom.
632 1403 677 1435 IV
703 1403 801 1444 praef.
827 1415 856 1444 p.
882 1403 987 1434 XLVI
1011 1403 1158 1445 collegit,
1183 1404 1216 1435 et
1241 1414 1321 1444 quae
1348 1402 1387 1434 ad
1412 1401 1495 1434 Gon-

212 1458 307 1490 scntii
342 1460 445 1489 artem
472 1457 501 1488 V
526 1469 555 1498 p.
572 1457 646 1497 339,
662 1457 703 1487 92
729 1456 908 1488 adnotavit.
951 1456 1031 1487 adde
1057 1456 1140 1498 quod
1156 1456 1363 1488 Emmeramo
1390 1455 1495 1487 codice

213 1511 308 1553 (saec.
333 1509 376 1553 X)
402 1510 484 1541 liber
509 1510 547 1541 de
574 1509 727 1541 finalibus
753 1508 866 1541 Servio
891 1509 993 1541 Mario
1018 1509 1189 1542 Honorato
1210 1509 1372 1541 tribuitur.
1411 1509 1497 1540 inter

213 1565 313 1596 libros
339 1564 455 1606 quibus
480 1563 662 1604 Vergiliani
692 1563 916 1594 commentarii
941 1555 1149 1595 continentur
1173 1563 1312 1605 primus7
1341 1565 1496 1604 quantum

214 1618 294 1658 scio,
318 1617 483 1648 Leidensis
508 1616 586 1648 bibl.
612 1617 698 1658 publ.
714 1617 734 1647 ἴ)
751 1616 870 1648 saeculi
887 1615 957 1647 XII.
996 1616 1092 1648 Marii
1119 1616 1222 1648 Servii
1243 1617 1375 1648 nomina
1392 1619 1495 1648 osten-

213 1672 274 1703 dit:
306 1671 454 1703 Maurum
485 1670 631 1702 Servium
661 1670 865 1702 Honoratum
898 1670 946 1701 vel
979 1669 1125 1701 Servium
1157 1669 1362 1702 Honoratum
1392 1680 1497 1712 gram-

215 1726 367 1756 maticum
393 1725 453 1756 dici
478 1736 543 1756 non
568 1724 676 1755 inveni
707 1724 769 1754 nisi
795 1723 827 1753 in
853 1723 945 1754 libris
971 1723 1098 1754 saeculo
1122 1722 1192 1754 XV.
1217 1722 1385 1765 scriptisff)
1415 1749 1420 1756 .

307 1779 363 1809 His
389 1789 471 1818 quae
496 1778 618 1819 protuli
634 1776 832 1808 testimoniis
849 1776 980 1818 probari
996 1776 1120 1807 videtur
1144 1777 1177 1806 in
1193 1776 1329 1818 Vergilii
1355 1776 1500 1808 carmina

215 1831 465 1863 commentarios
492 1843 510 1862 a
536 1830 647 1862 Servio
678 1831 748 1872 ipso
779 1829 893 1872 gentili
922 1829 1053 1861 nomine
1083 1830 1287 1870 grammatici
1318 1829 1415 1862 titulo
1448 1829 1500 1861 ad-

215 1959 321 1994 scripta
340 1960 404 1985 sunt
420 1959 670 1986 ‘Conimcntarium
691 1959 719 1984 in
736 1960 795 1985 arte
813 1959 835 1984 D
846 1958 924 1985 onati
939 1957 1059 1992 priorem
1075 1957 1209 1992 explicuit
1223 1957 1356 1992 magister
1366 1956 1500 1990 Sewius’,

216 2002 244 2027 ct
263 1999 444 2033 inscriptione
464 2000 564 2033 cupitis
585 2000 617 2026 do
638 1999 764 2033 partibus
790 1999 924 2026 orationis
945 1998 981 2024 lV
1001 2007 1026 2032 p.
1048 2001 1112 2031 487,
1133 2001 1166 2024 22
1188 1998 1219 2023 K.
1240 1997 1330 2031 qualis
1347 1996 1379 2031 jn
1399 1997 1494 2023 Santo-

214 2041 298 2067 niano
319 2039 390 2065 libro
411 2041 464 2070 est,
486 2042 514 2065 vt
534 2039 576 2065 his
596 2048 666 2072 quac
687 2039 714 2065 in
735 2038 852 2073 [Sergii]
874 2038 982 2072 explan.
1003 2037 1031 2063 in
1053 2038 1120 2064 Don.
1142 2047 1167 2071 p.
1185 2040 1244 2070 406,
1261 2040 1294 2063 26
1311 2036 1342 2062 K.
1363 2036 1495 2069 leguntur

216 2082 296 2107 ‘haec
317 2081 381 2105 sunt
400 2088 470 2112 quac
494 2079 616 2104 Donatus
637 2079 664 2104 in
684 2079 775 2112 prima
794 2080 872 2112 parte
895 2078 997 2104 artium
1013 2077 1154 2104 tractavit.
1190 2078 1259 2103 haec
1279 2075 1414 2110 magister
1434 2076 1493 2101 Scr-

216 2121 275 2147 vius
296 2119 463 2146 extrinsecus
484 2118 626 2146 dictavit&
665 2119 785 2152 denique
806 2119 1006 2145 Pseudo-Acro
1026 2117 1061 2143 ad
1083 2117 1148 2144 Hor.
1170 2118 1220 2143 sat.
1236 2117 1287 2148 19,
1310 2118 1341 2142 76
1364 2114 1414 2141 ‘sic
1439 2113 1498 2139 Scr-

215 2161 289 2192 vius,
311 2160 443 2192 magister
465 2159 554 2189 urbis.
576 2159 726 2193 exposuit'.
858 2161 883 2192 1)
904 2157 995 2185 Publii
1015 2165 1185 2192 praenomen
1204 2156 1279 2190 quod
1298 2155 1405 2182 duobus
1424 2154 1499 2180 Pari-

220 2200 286 2226 *inis
307 2198 385 2226 libris
406 2199 516 2225 saeculo
537 2198 593 2224 XV.
625 2198 735 2231 scriptis
757 2198 851 2225 Servio
876 2198 1008 2225 tribuitur
1037 2197 1082 2231 (cf.
1103 2197 1226 2223 Thomas
1246 2195 1316 2222 essai
1336 2204 1360 2229 p.
1382 2198 1429 2227 2⁴3,
1451 2198 1501 2221 134

217 2241 309 2267 adnot.
331 2243 355 2271 2,
376 2248 402 2273 p.
423 2241 473 2265 317
494 2244 546 2271 sq.)
566 2248 582 2263 11
605 2238 726 2271 Vergilio
747 2239 773 2264 in
795 2239 1046 2265 commentatorem
1074 2236 1242 2264 translatum
1267 2237 1316 2262 est.
1355 2235 1383 2261 in
1403 2234 1499 2261 codice

218 2280 405 2306 bibliothecae
432 2279 496 2305 Stac
521 2278 678 2304 chovel'ac
705 2278 867 2305 l'arisiensis
891 2279 910 2304 Υ
932 2279 942 2303 1
966 2282 976 2304 1
1000 2286 1071 2304 saec.
1094 2277 1150 2304 XV.
1175 2277 1258 2302 modo
1283 2276 1396 2302 Maurus
1417 2275 1500 2302 inodo

218 2321 319 2347 Marius
344 2319 454 2346 Servius
474 2318 633 2345 Honoratus
653 2318 852 2352 grammaticus
873 2318 1030 2344 nominatus
1050 2318 1099 2344 est.
