1690 2611
699 119 910 147 PRAEFATIO.
1368 121 1442 147 LVII

166 203 310 235 Danielis
335 203 526 235 coniecturis
555 202 864 244 typothetarumquc
890 202 1052 233 erroribus
1078 203 1269 243 adparatum
1295 202 1439 233 crIticum

166 268 307 288 onerare.
352 268 432 298 quae
462 256 569 298 aliqua
600 256 637 287 de
668 267 764 287 causa
793 255 1017 286 memorabilia
1049 256 1238 286 videbantur
1267 267 1331 287 non
1366 257 1442 286 sunt

166 311 295 342 omissa.
337 313 505 352 praeterea
530 309 693 341 sciendum
719 311 767 340 est
797 308 851 339 ubi
875 308 909 339 111
933 308 1094 339 additiciis
1124 309 1218 349 primi
1249 310 1280 339 et
1309 309 1439 340 secundi

166 364 242 395 libri
267 364 396 395 scholiis
427 363 690 395 emendationum
721 364 867 394 auctores
901 373 965 393 non
995 362 1061 392 sint
1092 362 1247 392 nominati
1277 365 1440 403 receptam

166 417 361 458 scripturam
385 429 401 448 e
425 417 571 448 Danielis
596 416 770 457 appendice
794 416 933 447 fluxisse.

255 471 343 508 Quae
368 470 483 502 Daniel
515 470 549 501 in
573 470 643 511 ipso
674 469 722 500 sui
747 469 938 510 exemplaris
964 469 1115 499 contextu
1140 468 1281 508 vulgatis
1306 469 1438 500 scholiis

165 523 288 555 addidit
316 525 445 564 praeter
473 534 574 564 pauca
597 523 653 554 illa
677 534 758 564 quae
784 533 881 563 supra
904 521 1151 552 commemoravi
1177 532 1192 551 e
1217 521 1300 552 libro
1326 522 1440 553 decimi

165 577 285 608 saeculi
309 577 411 618 petita
435 578 524 616 sunt,
554 587 647 618 quem
676 576 814 607 Iacobus
839 574 1039 616 Bongarsius
1070 576 1101 605 et
1130 574 1249 605 Paulus
1279 575 1440 615 Petavius,

165 642 245 672 quos
261 629 405 661 Danielis
421 630 653 661 bibliothecam
678 630 761 661 inter
785 640 818 660 se
842 629 982 670 partitos
998 639 1067 659 esse
1092 630 1220 659 constat
1248 627 1300 669 (cf.
1326 628 1440 669 Hagen

166 684 259 715 catal.
283 683 350 715 cod.
375 682 467 715 Bern.
491 683 589 724 praef.
615 695 643 724 p.
668 682 778 724 XIV),
810 683 857 714 ita
882 682 1099 713 distraxerunt
1122 683 1158 712 ut
1181 681 1274 712 hodie
1304 684 1440 722 septem-

165 737 267 768 decim
292 737 498 768 membranae
522 737 555 767 in
580 737 785 768 miscellaneo
811 736 918 767 codice
942 735 1107 767 Parisinae
1131 735 1362 775 bibliothecae,
1387 735 1440 776 qui

168 790 252 822 1750
275 801 442 821 numerum
466 789 578 831 habet,
603 790 716 830 insint,
741 790 883 831 reliquae
908 788 1058 820 Leidensi
1083 788 1190 820 codice
1211 786 1320 829 (Voss.
1335 788 1369 820 F.
1385 787 1440 829 79)

165 844 401 875 contineantur.
443 843 609 874 Leidensis
641 854 716 883 pars
746 842 909 884 descripta
933 844 983 874 est
1012 853 1030 873 a
1054 841 1232 882 Suringaro
1258 840 1348 883 (hist.
1372 842 1440 872 crit.

166 898 262 930 schol.
287 897 357 929 Lat.
374 897 405 928 Π
429 908 458 938 p.
475 897 538 928 269
556 895 652 938 sqq.),
678 897 825 927 Parisina
849 908 868 928 a
890 896 1064 927 Thomasio
1089 894 1132 936 (p.
1150 895 1192 925 65
1209 893 1282 936 sq),
1306 897 1441 935 utraque

166 963 184 983 a
209 962 259 982 me
284 949 378 993 (mus.
403 949 504 981 Rhen.
528 949 606 981 XIV
629 961 660 991 p.
685 949 772 992 540).
812 949 977 981 Leidensis
1002 949 1077 980 libri
1101 948 1281 979 1011-35
1300 948 1440 979 Parisini

164 1005 219 1036 fol.
247 1004 346 1036 1et2
370 1003 566 1035 Beruensem
588 1003 641 1044 qui
666 1005 800 1035 vocatur
823 1003 856 1034 in
880 1003 1027 1034 bucolica
1050 1004 1082 1033 ct
1107 1002 1258 1043 georgica
1283 1012 1440 1032 commen-

164 1058 282 1090 tarium
314 1057 348 1088 111
378 1057 506 1088 brevius
538 1058 739 1088 contractum
772 1056 894 1088 habent
925 1055 978 1098 (cf.
1003 1055 1119 1097 Hagen
1154 1055 1253 1086 schol.
1284 1054 1378 1085 Bern.
1412 1066 1441 1095 p.

165 1111 228 1142 692
253 1109 350 1151 sqq.),
373 1110 512 1141 Parisini
537 1110 590 1141 fol.
613 1110 720 1141 3—17
748 1110 787 1141 ad
803 1109 911 1140 Aen.I
937 1111 968 1140 et
990 1109 1023 1140 ΙΙ
1045 1109 1173 1140 1-711
1200 1107 1332 1148 ‘Serveffl
1348 1111 1441 1139 eusto-

163 1165 231 1196 diat
253 1163 432 1205 pertinent,
456 1163 622 1194 Leidensis
647 1163 703 1194 fol.
720 1163 851 1195 36—45
876 1163 915 1194 ad
935 1162 1014 1194 Aen.
1029 1162 1061 1193 ΙΙ
1079 1162 1253 1193 712—804
1273 1161 1320 1192 III
1336 1161 1382 1191 IV
1403 1161 1442 1192 V.

167 1228 248 1259 quae
282 1228 320 1248 ex
354 1217 485 1248 scholiis
520 1217 560 1248 ad
592 1217 737 1248 bucolica
778 1219 809 1248 et
841 1217 994 1258 georgica
1031 1216 1253 1257 spectantibus
1288 1215 1441 1256 exscripsi

164 1270 301 1312 Hageno
326 1270 410 1302 dedi:
436 1282 472 1301 ex
498 1270 658 1301 Aeneidos
679 1271 869 1302 commentis
890 1270 1072 1302 Parisinam
1096 1272 1223 1310 partem
1249 1269 1369 1300 contuli
1395 1271 1441 1299 at-

166 1335 227 1365 que
251 1324 284 1354 in
309 1323 517 1355 adnotatione
543 1324 655 1355 critica
680 1323 756 1365 quid
781 1324 821 1355 ad
845 1334 1002 1365 quemque
1032 1334 1160 1354 versum
1192 1323 1224 1353 111
1250 1322 1358 1354 codice
1388 1322 1441 1353 ad-

164 1377 319 1418 scriptum
344 1379 429 1408 esset
454 1388 598 1408 seorsum
623 1377 773 1408 indicavi.
816 1377 940 1408 duabus
965 1377 1104 1408 maxime
1134 1376 1171 1407 de
1201 1376 1306 1408 causis
1332 1376 1364 1406 id
1388 1387 1440 1406 ne-

167 1430 342 1462 cessarium
372 1430 550 1462 videbatur.
592 1431 731 1472 primum
763 1431 848 1461 enim
876 1430 991 1462 Daniel
1022 1441 1037 1461 e
1068 1429 1230 1461 Servianis
1259 1441 1324 1461 nou
1352 1429 1441 1460 nulla

164 1484 240 1526 quia
264 1484 298 1515 in
320 1484 382 1515 1100
405 1484 488 1515 libro
513 1484 630 1515 desunt
655 1487 818 1525 tamquam
845 1484 950 1516 aliena
975 1484 1106 1524 abiecit,
1131 1483 1244 1514 deinde
1268 1484 1312 1523 ei,
1336 1494 1354 1514 a
1375 1483 1441 1524 qui-

164 1538 223 1569 bus
248 1539 323 1579 post
348 1548 467 1568 annum
496 1538 579 1569 1600
605 1537 750 1570 Serviani
775 1538 999 1569 commentarii
1024 1537 1101 1569 editi
1126 1539 1214 1577 sunt,
1239 1548 1309 1568 cum
1325 1536 1441 1567 Danie-

163 1591 221 1622 lini
255 1591 447 1632 exemplaris
480 1591 621 1622 rationes
652 1602 717 1622 non
741 1591 995 1632 perspexissent,
1030 1591 1154 1631 aliquot
1186 1590 1265 1621 locis
1293 1589 1441 1621 Parisina

164 1646 196 1676 et
219 1644 395 1676 Fuldensia
420 1645 557 1685 scholia,
583 1656 778 1686 quamquam
809 1645 919 1676 eadem
944 1646 1028 1685 sunt,
1051 1644 1145 1685 quasi
1170 1643 1296 1674 diversa
1325 1645 1440 1674 tracta-

164 1702 288 1730 verunt.
331 1698 369 1729 de
394 1699 483 1730 tertii
508 1701 540 1730 et
560 1709 669 1730 eorum
694 1699 747 1740 qui
773 1700 951 1740 sequuntur
971 1698 1128 1729 librorum
1149 1696 1337 1728 commentis
1357 1696 1439 1727 nihil

164 1752 301 1784 enotavi.
342 1763 418 1783 nam
447 1763 518 1783 cum
552 1752 713 1793 pleniores
743 1752 880 1793 codices,
914 1751 1152 1783 Floriacensem
1180 1751 1251 1781 dico
1281 1752 1313 1781 et
1341 1750 1439 1781 Turo-

164 1816 296 1846 nensem
326 1807 358 1836 et
385 1805 715 1846 Autissiodorensem‚
744 1808 776 1836 et
807 1805 936 1836 Danieli
970 1807 1002 1836 et
1034 1805 1127 1836 nobis
1161 1805 1290 1845 praesto
1321 1803 1441 1834 fuerint

164 1860 314 1899 excerpta
343 1858 399 1889 illa
428 1859 577 1899 exiguam
606 1858 781 1890 utilitatem
812 1859 948 1899 habent,
982 1870 1052 1890 011111
1082 1857 1273 1899 praesertim
1298 1858 1440 1888 extrema

164 1911 239 1942 libri
263 1922 338 1952 pars
363 1911 650 1953 neglegentissime
681 1912 800 1953 scripta
826 1913 876 1943 sit.
918 1912 1001 1943 falso
1032 1914 1139 1943 autem
1164 1911 1196 1942 in
1221 1921 1332 1942 museo
1357 1909 1438 1940 Rhe-

164 1975 249 1996 nano
274 1964 295 1994 1.
318 1964 338 1994 l.
362 1963 447 1995 hunc
472 1975 596 2005 quoque
621 1965 762 1996 codicem
787 1965 865 1997 olim
886 1965 1055 1996 Fuldensis
1076 1965 1221 1996 thesauri
1245 1964 1344 1995 fuisse
1365 1963 1440 1994 dixi.

164 2017 220 2049 sed
250 2017 394 2048 excusari
423 2028 517 2058 posse
547 2018 664 2050 videor.
706 2030 782 2050 nam
811 2030 882 2050 cum
913 2018 1029 2050 Daniel
1061 2019 1095 2050 in
1124 2018 1210 2049 edita
1238 2017 1439 2058 praefatione

164 2071 204 2103 ad
228 2070 352 2111 priores
382 2070 461 2102 duos
486 2071 646 2103 Aeneidos
677 2072 778 2103 libros
802 2072 955 2104 Fuldensi
985 2084 1017 2104 se
1047 2083 1141 2103 usum
1170 2082 1239 2102 esse
1268 2070 1385 2101 dixerit
1409 2071 1440 2100 et

164 2124 273 2156 omnia.
297 2123 518 2155 additamenta
548 2125 687 2166 quinque
711 2126 761 2156 vel
787 2136 841 2156 sex
865 2125 930 2156 fere
956 2126 1097 2166 exceptis
1122 2136 1159 2156 ex
1184 2124 1332 2156 Parisino
1357 2123 1438 2164 peti*

164 2178 261 2218 verit,
285 2177 355 2208 fieri
379 2188 443 2208 non
463 2179 593 2217 poterat
616 2178 693 2218 quin
717 2178 749 2209 in
773 2189 845 2209 eum
868 2189 1007 2210 errorem
1028 2178 1208 2218 inducerer3
1232 2188 1333 2219 neque
1353 2176 1436 2207 enim

165 2232 220 2262 aut
249 2229 386 2270 scriptos
416 2229 626 2270 praefationis
656 2231 904 2262 commentarios
935 2235 991 2262 aut
1018 2231 1247 2263 Fabricianum
1276 2229 1437 2269 exemplar

163 2283 314 2314 videram.
362 2283 394 2313 in
425 2283 486 2314 hoc
517 2282 704 2314 Parisinum'
729 2282 845 2315 Daniel
877 2285 1003 2325 saepius
1036 2284 1299 2316 commemoravit
1333 2284 1364 2312 et
1394 2282 1439 2312 ita

166 2337 294 2378 quidem
318 2338 354 2367 ut
378 2338 518 2367 veterem
548 2348 639 2368 suum
670 2336 809 2368 codicem
844 2340 900 2368 aut
928 2338 1067 2369 codicem
1099 2337 1146 2369 Ἥ.
1173 2336 1219 2368 G?
1248 2335 1438 2367 nominaret.

1461 467 1531 486 Parizi

1538 473 1578 486 11113
