1690 2611
474 103 586 130 COMM.
607 103 645 130 IN
664 103 771 130 VERG.
791 103 874 129 AEN.
895 104 941 131 III.
962 107 1110 132 403—411.
1360 106 1425 136 415

237 185 312 217 405.
349 194 532 217 PvRPvREo
556 193 695 216 VELARE
717 193 830 216 COMAs
857 185 1009 217 subaudis
1026 185 1133 217 ‘cura'
1149 188 1205 217 aut
1221 186 1425 218 ‘memento'z

147 240 203 269 aut
227 240 321 279 certe⁷
346 239 430 280 quod
455 241 504 270 est
525 239 650 279 melius,
675 237 814 269 ‘velare'
835 238 1045 279 imperativus
1071 239 1122 279 sit,
1146 250 1211 270 non
1235 238 1424 272 infinitivus.

235 292 309 323 406.
346 305 461 324 ΗοΝοκΕ
482 292 640 331 sacrificia
732 304 863 323 Hosrzms
881 304 983 323 moles
1003 293 1291 332 occm.quriclan2
1313 293 1425 325 Ulixen

147 345 265 386 diezent,
288 346 346 377 alii
369 345 546 377 Diomeden.

236 399 309 430 407.
347 408 391 430 ET
421 407 531 430 OMINA
562 407 698 429 TVRBET
729 398 879 429 sacrificii
909 398 1054 429 ordinem
1083 402 1226 440 rumpat,
1260 400 1342 441 quod
1376 402 1425 432 est
1445 408 1459 431 5

145 452 315 493 piaculum.
363 452 526 493 significat
555 454 660 483 auten]
692 455 727 483 ut
750 451 802 492 <ll
830 453 911 493 166>
936 453 1050 483 dietmn
1079 455 1123 484 est
1145 452 1336 494 Diomeden,
1371 454 1422 495 qui

146 516 219 537 cum
243 506 354 537 multis
380 504 507 536 casibus
532 505 754 546 adfligeretur,
779 504 975 546 Palladium,
1000 505 1083 547 quod
1109 506 1192 546 apud
1217 506 1322 546 ipsum
1347 510 1425 548 erat,

147 558 294 590 Troianis
320 559 448 590 oraculo
473 558 578 589 iussus
604 560 653 589 est
676 558 818 590 reddere.
865 558 948 599 quod
974 569 1045 589 cum
1072 558 1171 589 vellet
1195 559 1338 600 implere,
1364 561 1423 591 Ae-

146 623 241 643 neam
261 612 384 644 invenit
403 611 652 643 sacrificantem:
677 612 740 653 qui,
765 614 801 642 ut
820 623 917 653 supra
937 611 1084 652 diximus7
1109 612 1258 643 sacrificii
1279 613 1424 644 ordinem

144 677 211 697 non
238 666 339 707 rupit,
372 667 404 696 et
431 664 611 696 Palladium
640 664 765 696 Nautes
800 665 937 706 aceepit:
971 665 1053 696 unde
1081 664 1264 696 Nautarum
1297 665 1423 697 familia
1444 674 1477 697 10

145 718 310 751 Minervae
335 730 426 751 sacra
449 718 607 750 servabat.
654 729 729 749 sane
755 718 918 749 sciendum
943 718 1161 749 sacrificantes
1187 718 1246 749 diis
1272 720 1421 750 omnibus

145 774 242 813 caput
266 773 370 804 velare
395 774 564 803 consuetos
589 771 630 802 ob
655 771 726 812 hoc,
749 782 788 802 ne
813 783 847 802 se
871 772 954 802 inter
974 771 1166 812 religionem
1186 772 1309 812 aliquid
1330 773 1421 814 vagis

145 826 275 857 offerret
294 826 471 866 obtutibus,
495 827 627 866 excepto
648 827 776 856 tantum
797 824 945 865 Saturno,
969 836 1009 856 ne
1028 825 1168 856 numinis
1188 825 1330 858 imitatio
1351 838 1420 858 esse

145 879 315 911 videretur.
348 882 375 910 et
397 879 528 910 Herculi
551 879 585 909 in
609 879 716 918 templo
740 889 803 917 5110,
827 879 900 918 quia
925 881 952 909 et
977 879 1038 918 lpse
1061 879 1159 918 capite
1182 882 1282 918 operto
1301 882 1352 920 est,
1376 881 1422 912 vel

143 933 217 971 quia
240 932 311 964 haec
333 943 407 964 arae
430 935 500 963 aute
522 933 683 963 adventum
703 932 824 963 Aeneae
847 943 867 963 α
891 932 971 963 Iano
996 932 1039 963 vel
1061 932 1209 963 Evandro
1233 936 1422 965 consecratae
1443 941 1472 963 15

143 985 213 1016 sint.
259 996 332 1017 sane
359 987 484 1026 quidam
508 987 613 1017 diczent
640 986 781 1024 absurde,
814 986 851 1017 ab
875 986 992 1016 Heleno
1016 985 1185 1016 Diomeden
1208 996 1401 1026 suppression
1411 998 1421 1025 ;

143 1038 196 1069 sed
218 1039 449 1078 intelleqemlmn
472 1041 514 1070 est
537 1039 572 1070 de
595 1039 750 1069 industria
772 1039 899 1079 sciolum,
925 1049 962 1069 ue
986 1041 1082 1069 terror
1106 1040 1269 1070 iniceretw·
1292 1040 1421 1072 Aeneae.

231 1092 304 1123 409.
342 1100 411 1122 HAG
437 1101 535 1123 CASTI
559 1092 617 1133 pii,
647 1094 683 1123 ut
708 1091 776 1132 <VI
801 1092 886 1133 563>
910 1092 1012 1123 nulli
1036 1092 1093 1123 fas
1119 1095 1226 1124 casto
1253 1094 1421 1125 scelera—

142 1147 221 1175 tum
244 1144 430 1176 insistere
455 1145 579 1176 limen.
671 1158 703 1177 nv
723 1158 884 1189 Rrrzezoxgs
908 1146 939 1176 in
963 1145 1165 1177 observatione
1185 1149 1339 1186 perpetua.

142 1210 268 1230 NEPOTES
290 1199 471 1238 appellando
495 1197 644 1238 enepoz‘es'
666 1199 782 1238 gyraldus
804 1198 929 1237 futurae
952 1200 1141 1239 eogynatiom's
1165 1201 1300 1231 ostendit.
1441 1208 1475 1231 20

230 1252 305 1282 410.
342 1265 397 1283 AST
421 1265 469 1283 VB!
483 1263 543 1292 pro
562 1255 741 1292 postquam&
766 1254 793 1282 et
815 1254 858 1283 est
881 1253 1023 1293 temporis
1046 1253 1230 1284 adverbimn.
1368 1264 1418 1286 DI-

143 1312 301 1336 GRESSVM
325 1316 343 1336 a
367 1306 462 1337 litore
487 1305 665 1337 Calabriae.

231 1358 304 1389 411.
347 1367 497 1390 ANGVSTI
522 1367 721 1391 RARESCENT
748 1367 927 1390 CLAVSTRA
952 1367 1081 1390 PELORI
1112 1360 1177 1391 ideo
1207 1360 1281 1400 quia
1305 1373 1323 1392 a
1347 1372 1419 1392 con-

142 1411 272 1452 tinenti,
305 1411 338 1442 id
362 1414 411 1443 est
440 1424 458 1443 a
483 1413 634 1444 columna
658 1423 757 1453 usque
789 1412 828 1443 ad
853 1412 980 1443 Pharon
1012 1413 1115 1443 tribus
1147 1413 1278 1444 milibus
1312 1414 1420 1446 distat.

143 1463 339 1496 ‘rarescent’
364 1468 472 1496 autem
492 1466 581 1507 ideo,
607 1466 682 1507 quia
706 1466 911 1496 venientibus
937 1466 974 1496 de
998 1466 1089 1497 Ionio
1113 1468 1246 1507 propter
1271 1470 1418 1499 curvatu-
1440 1476 1473 1498 23

142 1528 212 1548 ram
235 1517 368 1549 litorum
393 1519 520 1550 clausae
545 1519 695 1550 videntur
719 1519 897 1560 angustiae7
922 1530 1003 1560 quae
1023 1519 1181 1560 paulatim
1202 1521 1419 1563 propinquan-

142 1571 230 1602 tibus
255 1571 372 1611 aperiri
396 1572 553 1603 videntur.
630 1581 758 1603 PELORI
782 1572 1059 1613 promunctorium
1085 1572 1212 1604 Siciliae
1237 1576 1286 1604 est
1310 1585 1420 1605 secun-

143 1623 218 1654 dum
242 1623 442 1666 Sallustium,
466 1625 586 1656 dictum
610 1637 629 1656 a
653 1625 867 1665 gubernatore
892 1625 1086 1656 Hannibalis
1111 1626 1178 1657 illic
1203 1627 1339 1667 sepulto,
1364 1628 1419 1669 qui

142 1677 248 1708 fuerat
270 1678 392 1709 occisus
416 1689 473 1719 per
496 1679 580 1720 regis
605 1679 837 1720 ignorantiam,
867 1690 938 1709 cum
968 1690 1001 1709 se
1032 1679 1099 1710 eius
1124 1679 1198 1710 dolo
1217 1683 1343 1720 propter
1366 1692 1420 1712 (m-

216 1778 231 1800 6
251 1774 405 1800 Diomeden
425 1783 447 1802 e.
469 1784 494 1808 q.
514 1776 546 1809 3.]
574 1783 658 1801 exscr.
679 1775 816 1809 mythogr.
838 1776 849 1800 l
871 1778 919 1800 142
948 1776 956 1808 ΙΙ
985 1779 1017 1801 14
1037 1776 1065 1801 et
1084 1776 1197 1801 Herculi
1217 1797 1221 1802 .
1244 1796 1249 1801 .
1271 1798 1276 1802 .
1297 1777 1363 1811 siut]
1384 1776 1418 1804 cf.

143 1809 264 1835 Macrob.
286 1810 341 1836 Sat.
362 1810 399 1836 [ll
419 1814 443 1842 6,
465 1814 495 1836 17
511 1812 519 1844 ΙΙ
534 1813 566 1837 27
584 1811 713 1836 Pelorum
734 1811 953 1844 promontorium
975 1832 980 1837 .
998 1832 1002 1837 .
1020 1833 1024 1837 .
1046 1810 1168 1845 sepulto]
1190 1820 1274 1838 exscr.
1296 1812 1359 1838 Isid.
1380 1821 1417 1839 or.

143 1845 207 1870 XIV
228 1848 251 1877 7,
271 1845 310 1878 411
325 1846 473 1871 secundum
495 1846 670 1880 Sallustium]
692 1846 755 1872 hist.
776 1846 813 1872 lV
833 1850 865 1872 39
882 1846 928 1872 Kr.

214 1936 228 1959 2
248 1933 372 1959 infinitus
391 1933 455 1959 LH
475 1935 484 1967 ΙΙ
508 1938 522 1960 6
542 1935 573 1960 ut
597 1935 702 1960 dictum
727 1935 769 1961 est
787 1935 847 1961 hab.
869 1935 892 1961 G
913 1936 921 1968 ΙΙ
946 1939 959 1961 7
980 1935 1132 1962 iactaretur
1152 1937 1188 1962 M
1206 1938 1229 1970 (t
1249 1936 1419 1970 affligeretur

142 1977 274 2002 θυμω-εον.
294 1970 330 2002 m)
345 1970 354 2002 ΙΙ
369 1972 383 1995 9
404 1969 450 2002 qui
470 1971 501 1995 ut
520 1979 603 2004 supra
623 1970 741 1996 diximus
761 1979 794 1996 ne
814 1970 938 1996 sacrificii
960 1971 1085 1997 ordinem
1104 1973 1245 2006 rumperet
1264 1972 1417 2006 palladium

143 2006 240 2030 nautes
261 2005 370 2038 accepit
390 2005 426 2030 M
430 2005 460 2030 E
465 2005 474 2030 l
487 2005 496 2038 ΙΙ
513 2008 543 2030 10
563 2007 710 2031 nautarum
733 2005 806 2032 GM:
826 2007 974 2032 nauturum
996 2006 1026 2032 F
1050 2009 1198 2033 nautarum
1218 2016 1250 2033 er
1269 2010 1418 2034 nanterum

142 2040 167 2064 L
196 2041 344 2066 nautorum
364 2040 432 2065 HE
458 2041 467 2073 ΙΙ
496 2043 528 2066 12
553 2041 645 2074 capita
664 2041 720 2067 FO
745 2042 815 2075 {1¹14
836 2041 988 2076 videretur]
1014 2043 1061 2075 qui
1081 2044 1193 2068 saturno
1214 2042 1306 2069 uelato
1327 2044 1417 2077 eapite

142 2075 299 2101 incenditur
323 2076 384 2101 add.
411 2075 446 2102 D.
475 2076 538 2102 inde
564 2076 629 2109 quia
649 2097 654 2102 .
676 2098 681 2103 .
703 2098 707 2103 .
728 2077 886 2102 incenditur
909 2077 1066 2103 Fabricius.
1105 2078 1170 2111 quia
1194 2078 1328 2104 Saturnus
1349 2088 1372 2105 V.
1396 2088 1416 2106 c.

141 2110 181 2136 ibi
200 2111 322 2136 cernitur
339 2111 442 2144 1·chqu
458 2114 489 2136 15
510 2112 575 2137 Iano
595 2113 707 2145 scripsi:
726 2111 791 2138 iuno
812 2112 842 2137 F
868 2112 970 2138 Iunone
990 2113 1093 2139 Daniel
1106 2114 1115 2145 ΙΙ
1132 2117 1163 2140 16
1184 2123 1341 2147 supressum
1362 2114 1392 2139 F
1410 2116 1417 2128 '³

143 2149 175 2171 21
196 2146 371 2181 aduerbium]
396 2146 451 2172 loci
470 2146 633 2172 aduerbium
653 2148 715 2173 add.
736 2147 771 2173 F.
809 2148 923 2179 sortasse
943 2150 971 2173 et
990 2149 1031 2173 est
1049 2149 1182 2182 temporis
1201 2153 1230 2175 et
1249 2150 1303 2175 loci
1323 2150 1417 2176 adver-

141 2181 227 2207 bium.
257 2182 290 2213 cf.
311 2182 385 2208 Sero.
406 2183 442 2208 ml
461 2183 528 2208 Aen.
550 2183 560 2207 Ι
582 2185 640 2208 714.
675 2182 742 2208 alibi
761 2183 815 2208 loci
835 2183 896 2210 adv.
918 2182 952 2208 F.
974 2183 1121 2210 Schoellius
1135 2185 1144 2217 Η
1159 2188 1190 2210 23
1211 2185 1275 2210 ideo
1295 2186 1355 2212 hab.
1377 2185 1415 2218 C*

143 2219 176 2242 24
196 2217 307 2243 Pharon
326 2217 427 2252 tribus]
448 2217 585 2244 frontibus
605 2218 634 2243 H
648 2218 657 2251 ΙΙ
672 2221 704 2244 25
725 2218 758 2243 de
778 2218 900 2244 calabria
919 2218 984 2243 ME
1001 2220 1023 2251 (1
1043 2219 1076 2245 de
1095 2219 1169 2246 ionio
1189 2228 1320 2253 superser.
1341 2222 1394 2253 me)
1415 2223 1417 2253 J

144 2252 177 2278 de
196 2252 284 2287 Ionio]
306 2253 340 2279 ad
360 2253 517 2279 Calabriam
537 2253 600 2279 add.
621 2253 649 2278 D
671 2254 680 2286 ΙΙ
704 2257 737 2279 26
757 2254 903 2286 angustiae
925 2274 929 2279 .
951 2275 956 2279 .
977 2275 982 2280 .
1002 2254 1132 2281 videntur
1155 2264 1203 2282 om.
1224 2256 1262 2287 L,
1283 2257 1312 2281 in
1330 2264 1414 2288 mara.

143 2288 232 2321 suppl.
253 2289 284 2321 ΖΙΙ
298 2288 380 2323 quae]
401 2288 468 2322 quia
488 2289 556 2314 Mle
569 2289 578 2321 H
593 2291 625 2314 27
646 2289 747 2322 operiri
766 2289 797 2322 ΖΙΙ
812 2289 1061 2324 promunctorium]
1082 2291 1115 2323 cf.
1136 2292 1227 2317 adnot.
1248 2292 1284 2316 αιΖ
1305 2300 1325 2317 r.
1347 2294 1397 2316 399
1414 2291 1416 2323 l

143 2325 175 2348 29
195 2325 308 2357 propter
327 2324 470 2358 angustias
490 2323 554 2350 freti
573 2324 633 2350 hab.
654 2324 677 2350 G
