1690 2611
499 101 611 128 COMM.
631 101 671 127 IN
689 100 796 127 VERG.
817 100 901 126 AEN.
922 100 968 126 ΠΙ.
990 102 1138 132 382-390.
1390 99 1453 129 411

267 185 340 216 386.
383 192 599 221 INFERNIQVE
632 190 742 214 LACVS
776 181 951 212 Lucrinum
985 184 1016 212 et
1050 182 1215 212 Avernum
1249 181 1340 221 dicit,
1374 180 1457 211 inter

179 249 260 280 quos
290 240 339 268 est
367 237 532 278 spelunca,
566 247 622 277 per
651 247 747 277 quam
777 235 817 266 ad
845 234 966 265 inferos
991 234 1256 275 descendebatur3
1295 234 1376 265 unde
1402 244 1456 264 eos

179 292 261 322 dixit
292 290 445 322 infernos.
546 298 771 326 ,AEAEAEQVE
802 297 928 319 INSVLA
960 296 1081 319 CIRCAE
1115 288 1168 328 qui
1199 299 1283 319 nunc
1315 286 1455 318 Circeius

179 356 272 376 mons
294 355 312 375 a
327 343 417 375 Circe
442 343 569 383 dicitur,
593 342 774 383 aliquando,
797 343 834 372 ut
849 341 953 372 Varro
979 341 1065 381 dicit,
1090 341 1196 377 insula
1220 341 1289 381 fuit,
1313 340 1456 372 nondum

182 398 310 429 siccatis
335 397 619 438 paludibusfquae
644 406 714 426 eam
734 395 919 426 dividebant
939 406 957 425 a
978 393 1164 425 continenti.
1199 393 1332 425 ‘Aeaea'
1349 395 1456 425 autem

179 451 266 482 dicta
290 451 330 482 ab
356 449 596 491 aspernantium
621 460 711 489 voce,
740 450 872 489 propter
902 448 1079 479 celebratas
1104 447 1171 478 illic
1196 458 1365 488 corporum
1390 458 1457 477 mu-

178 505 332 536 tationes:
366 503 449 534 unde
475 504 524 533 est
547 502 631 542 <VII
659 502 720 541 11>
750 502 969 533 inaccessos
1001 501 1063 532 ubi
1093 500 1195 532 Solis
1224 500 1312 531 filia
1341 501 1457 531 lucos.

179 557 333 589 ‘Aeaeae'
359 558 468 588 autem
491 558 556 587 tres
582 558 657 587 sunt
682 555 892 596 diphthongi:
917 566 992 586 nam
1017 554 1185 595 genetivus
1211 556 1260 585 est
1284 554 1324 584 ab
1340 553 1456 584 Aeaea.

180 612 307 651 quidam
329 621 385 650 pro
409 620 474 647 eoa,
504 610 536 640 id
558 612 601 641 est
623 609 793 646 orientalis,
825 609 899 648 quia
922 607 1004 639 Solis
1027 608 1096 647 filia
1121 607 1263 644 traditur,
1296 607 1457 647 accipiunt.

180 665 238 697 alii
260 675 323 696 mm
346 663 431 695 Circe
453 662 566 700 Aeaea,
589 662 641 693 secl
664 662 766 693 insula
790 671 866 701 qnae
889 663 917 692 et
939 661 1051 692 Aeaea.

269 718 342 749 387.
380 725 477 754 QVAM
498 725 590 747 TVTA
610 723 724 747 Possm
741 723 859 746 VRBEM
880 723 1092 746 COMPONERE
1108 722 1223 744 TERRA
1249 715 1322 744 ante
1344 715 1458 744 cuncta

180 770 350 811 lustrabis,
384 781 479 810 quam
502 769 606 810 possis
632 769 744 800 urbem
769 770 840 799 tuta
864 770 950 799 terra
975 778 1174 808 componere.
1223 766 1327 798 ‘tuta’
1352 769 1458 798 autem

180 826 314 865 propter
337 823 492 854 Thraciae
517 824 548 853 et
574 821 687 854 Cretae
712 821 907 853 discrimina.

269 877 341 908 388.
380 885 481 908 SIGNA
511 885 581 906 T1ss1
611 884 720 907 DICAM
750 875 839 906 deest
869 873 988 915 ‘ergo’.
1035 876 1067 905 et
1091 874 1269 905 notandum
1295 874 1370 915 quia
1394 885 1458 905 non

180 942 217 963 eo
247 930 369 971 ordine,
403 940 466 970 quo
495 929 704 969 promiserat,
733 928 823 968 dicit3
858 930 932 959 ante
956 928 1041 959 enim
1065 927 1143 958 dicit
1168 927 1205 958 de
1230 927 1362 958 civitate
1387 938 1458 958 con-

183 984 295 1025 denda,
319 984 362 1015 sic
388 983 425 1014 tle
450 985 522 1013 tuta
545 982 765 1023 navigatione.

269 1037 342 1069 389.
381 1045 526 1068 SECRETI
550 1045 597 1067 AD
622 1044 786 1067 FLVMINIS
812 1035 964 1066 Tiberini.
1056 1042 1218 1065 LITOREIS
1244 1034 1320 1065 litus
1341 1034 1456 1065 dicitur

183 1090 331 1132 quicquid
360 1090 449 1120 iuxta
480 1100 596 1130 aquam
620 1091 681 1120 est:
715 1088 797 1119 unde
822 1099 906 1119 nunc
930 1088 1033 1129 ripam
1058 1087 1199 1118 fluminis
1224 1087 1301 1117 litus
1326 1087 1460 1118 vocavit.

269 1143 342 1175 390.
380 1152 439 1174 svs
468 1142 661 1173 naturaliter
690 1142 789 1183 longa
818 1143 880 1182 est,
909 1141 985 1172 lieet
1014 1141 1046 1171 in
1075 1140 1226 1182 genetivo
1257 1140 1460 1181 corripiatur,

180 1199 216 1228 ut
235 1196 325 1228 ‘bos'
347 1195 435 1236 ‘pes'
456 1195 538 1226 ‘res'
559 1195 674 1236 ‘spes'.
708 1195 745 1226 de
769 1195 830 1226 hac
855 1197 963 1226 autem
988 1206 1042 1225 sue
1068 1193 1124 1225 alii
1149 1193 1259 1225 dicunt
1284 1193 1458 1224 secundum

182 1250 366 1291 Vergilium
391 1249 475 1290 quod
499 1249 532 1279 in
557 1249 655 1280 Italia
679 1249 812 1280 inventa
837 1249 896 1289 sit,
930 1248 999 1288 alii,
1033 1247 1117 1288 quod
1143 1258 1251 1278 secum
1276 1258 1346 1278 eam
1371 1257 1459 1278 more

179 1304 392 1344 navigantum
407 1302 539 1334 Troiani
559 1302 761 1343 portaverint
780 1303 812 1332 et
832 1301 960 1332 oraculo
986 1301 1199 1341 cognoverint
1224 1300 1269 1331 ibi
1295 1311 1363 1331 esse
1388 1311 1459 1331 con-

181 1357 318 1388 dendam
343 1357 518 1396 civitatem,
542 1356 597 1387 ubi
621 1367 675 1387 sus
701 1355 757 1386 illa
781 1357 856 1396 post
880 1356 990 1397 fugam
1015 1355 1131 1385 fuisset
1154 1354 1296 1385 inventa.
1343 1354 1460 1385 dicitur

182 1420 259 1450 ergo
284 1410 316 1440 in
337 1409 543 1450 Campaniam
569 1409 691 1450 fugisse
716 1411 748 1440 et
772 1409 902 1440 inventa
926 1409 958 1439 in
974 1408 1218 1439 Laurolavinio:
1243 1418 1260 1438 a
1286 1419 1347 1448 qua
1364 1407 1459 1439 Asca-

181 1463 254 1493 nius
279 1464 353 1503 post
378 1462 481 1493 Albae
505 1473 623 1494 nomen
647 1462 798 1503 inposuit.

254 1562 286 1585 19
307 1568 351 1585 sus
370 1559 535 1585 naturaliter
555 1580 559 1584 .
581 1581 585 1585 .
607 1580 612 1585 .
634 1559 709 1593 spes]
730 1558 763 1584 cf.
784 1558 863 1584 Proh.
885 1558 956 1584 cath.
977 1567 1002 1591 p.
1024 1561 1066 1590 247
1087 1561 1101 1583 5
1118 1557 1150 1583 K.

1478 666 1510 689 10

1480 932 1512 955 15

1479 1200 1512 1222 20

1477 1467 1511 1489 25

254 1650 269 1673 3
290 1647 423 1682 infernos]
451 1648 553 1674 inferos
574 1648 610 1673 M
637 1649 645 1688 [l
673 1647 805 1680 infeinos]
834 1647 954 1685 propter
973 1647 1192 1672 necromantiam
1217 1655 1288 1679 quae
1313 1646 1352 1672 ibi
1376 1631 1476 1672 fiebatx

183 1683 246 1709 add
267 1683 295 1708 D
314 1684 322 1716 ΙΙ
342 1692 412 1716 quae
432 1683 456 1708 L
477 1683 534 1716 (qui
554 1685 572 1716 l)
592 1684 605 1728 ΙΙι
622 1683 750 1709 circ-[sius
771 1682 827 1708 FC
855 1681 988 1707 circaeius
1010 1681 1073 1706 LH
1089 1682 1098 1714 ΙΙ
1120 1685 1135 1707 4
1156 1682 1228 1707 circa
1248 1681 1368 1707 HMEI
1382 1683 1391 1715 ΙΙ
1411 1682 1460 1707 ali-

183 1718 305 1752 quando]
327 1718 467 1751 quondam
489 1719 558 1744 ⁷¹[E
570 1721 605 1752 ΙΙ
594 1730 608 1745 ο
630 1718 798 1744 continentie
812 1718 840 1743 F
858 1717 1027 1743 continentia
1043 1717 1075 1742 H
1086 1718 1095 1749 11
1109 1725 1209 1743 aeaeae
1225 1717 1257 1742 H
1262 1717 1347 1742 ME]
1362 1718 1370 1750 ΙΙ
1386 1721 1399 1743 G
1420 1717 1461 1742 1111

185 1754 214 1779 Ε
236 1754 245 1787 ΙΙ
268 1756 283 1779 8
304 1753 474 1788 dipbtdonge
495 1754 524 1780 F
555 1755 591 1788 dy
593 1756 714 1788 ptongae
737 1754 758 1780 C
785 1753 920 1786 (1313tongl
940 1753 965 1777 L
994 1752 1137 1786 diphhnge
1157 1753 1189 1778 H
1216 1753 1333 1786 diptoug
1336 1752 1344 1778 i
1367 1753 1435 1778 ME

185 1792 200 1815 9
220 1789 333 1822 qnidam
353 1790 446 1815 Aeaea
464 1764 718 1823 Danxiely1pm111us{1
734 1789 813 1815 eooia
833 1789 862 1814 κ’
884 1788 953 1814 Eoia
972 1788 1074 1813 Daniel
1088 1789 1096 1821 ss
1114 1791 1144 1813 10
1165 1796 1267 1814 aeaaea
1287 1788 1316 1813 F
1337 1790 1346 1821 ΙΙ
1369 1789 1462 1814 Aeaea

186 1825 303 1850 Daniel:
323 1833 373 1850 aea
393 1833 459 1850 aeae
476 1825 510 1851 F.
544 1826 607 1857 fort.
627 1825 675 1851 alii
696 1834 749 1850 non
766 1825 800 1850 ab
818 1824 907 1849 ‘aeae’
932 1823 1021 1849 ‘Circe
1038 1823 1151 1855 Aeaea’,
1172 1823 1219 1849 sed
1234 1823 1268 1849 ab
1284 1823 1375 1849 insula
1391 1832 1460 1856 quae

186 1861 230 1885 est
249 1861 307 1886 Aea
326 1861 407 1886 Aeae.
424 1862 432 1892 ΙΙ
447 1861 483 1886 ad
502 1862 665 1894 Aeaeaeque
685 1860 776 1886 insula.
791 1859 881 1885 Circes
902 1860 931 1884 in
950 1867 1035 1892 mary.
1057 1859 1133 1884 Circe
1153 1859 1218 1885 50115
1237 1859 1294 1884 filia
1314 1859 1461 1884 herbarum

184 1895 276 1928 perita
299 1896 327 1921 et
352 1896 505 1921 carminum
530 1896 688 1922 nocentium
714 1904 777 1921 cum
796 1895 884 1928 patris
903 1894 1051 1928 imperium
1071 1894 1141 1920 ferre
1161 1903 1215 1920 non
1242 1896 1333 1927 posset
1360 1895 1461 1928 angnia

185 1931 243 1964 (loy.
264 1930 390 1964 Angitia)
417 1939 509 1957 sorore
536 1932 637 1957 comite
664 1931 775 1957 colchos
800 1931 878 1956 uenit
904 1930 1022 1963 indeque
1047 1930 1075 1955 in
1094 1929 1202 1956 italiam
1223 1930 1342 1955 aduecta
1362 1930 1460 1955 collem

182 1965 287 1992 insedit
305 1965 352 1999 qui
373 1974 405 1991 ex
424 1966 512 1992 altera
531 1969 610 2000 parte
630 1967 777 2000 paludibus
799 1975 829 1992 ex
851 1966 939 1991 alteia
958 1966 1026 1991 mari
1047 1965 1175 1998 einoitm
1205 1965 1233 1990 in
1253 1974 1306 1998 quo
1323 1965 1460 1991 0111111011-

183 2001 252 2027 citer
272 2002 367 2035 ageret
386 2001 514 2027 circeium
535 2010 568 2027 ex
588 2010 637 2028 suo
656 2002 766 2028 nomine
786 2001 906 2027 uocauit.
936 2001 970 2026 ad
991 2009 1072 2034 quem
1094 2001 1185 2026 locum
1206 2009 1267 2026 cum
1288 2001 1375 2026 ulixes
1390 2002 1458 2026 teui-

185 2038 293 2069 pestate
313 2036 421 2062 delatus
441 2038 513 2063 esset
532 2037 620 2063 socios
641 2037 698 2063 eius
718 2037 746 2062 in
766 2037 838 2063 feras
858 2036 979 2062 mutauit
999 2036 1125 2069 potentia
1145 2036 1297 2062 carminum
1318 2037 1376 2062 eius
1397 2045 1459 2062 con—

182 2072 288 2106 iugium
309 2072 363 2097 sibi
382 2072 536 2098 admiscens
551 2073 623 2098 unde
639 2072 796 2106 telogonius
813 2073 869 2105 (Ity.
887 2072 1054 2105 Telegonus)
1074 2073 1156 2097 natus
1172 2071 1219 2104 qui
1234 2071 1336 2097 inscius
1351 2073 1459 2105 patrem

184 2107 296 2134 occidit.
334 2107 437 2140 angnia
463 2108 521 2141 (Iey.
542 2108 665 2142 Angitia)
691 2109 784 2134 autem
805 2116 880 2134 soror
900 2107 958 2133 eius
977 2115 1081 2132 marsos
1101 2107 1196 2133 docuit
1215 2107 1346 2133 carmina.
1387 2107 1461 2132 dicta

183 2144 227 2169 est
252 2144 346 2169 autem
370 2143 404 2168 ab
429 2143 578 2176 obprobrio
604 2143 775 2176 quorundam
794 2144 943 2169 nautarum
963 2142 1011 2175 qui
1030 2142 1065 2168 ab
1085 2151 1118 2168 ea
1138 2142 1166 2168 in
1186 2143 1257 2168 feras
1277 2142 1377 2168 mutati
1398 2143 1461 2167 sunt

184 2179 232 2211 qui
251 2180 460 2212 praetereuntes
480 2178 607 2204 solebant
627 2178 746 2204 clamare
767 2187 875 2204 aeaeae.
916 2178 959 2203 uel
980 2177 1052 2203 sicut
1071 2178 1185 2204 tradunt
1204 2178 1278 2211 quod
1298 2179 1333 2203 ab
1353 2177 1458 2203 oriente

183 2214 290 2240 uenerit
313 2214 391 2247 quasi
416 2222 467 2240 eoa
490 2214 519 2239 T.
553 2214 587 2246 cf.
607 2214 679 2239 Serv.
700 2215 736 2239 ad
755 2215 822 2239 Aen.
844 2213 894 2239 VH
915 2217 965 2239 750
991 2213 1076 2239 Solin.
1097 2217 1121 2239 2.
1150 2214 1200 2239 Sil.
1222 2213 1361 2239 natvm
1383 2215 1433 2238 500

186 2252 217 2275 15
237 2250 419 2283 praemiserat
441 2249 537 2275 OME
550 2250 558 2281 ΙΙ
582 2252 611 2275 17
633 2249 767 2282 inmunis]
787 2258 877 2274 mmm
902 2248 929 2274 id
950 2250 992 2274 est
1010 2249 1089 2281 vnlyo
1109 2250 1222 2275 additur
1245 2250 1254 2282 Η
1277 2252 1307 2274 19
1329 2247 1461 2280 corripiat

184 2284 275 2310 FGE
297 2285 388 2311 breuis
409 2285 446 2311 sit
462 2286 514 2311 Me
528 2286 537 2318 ΙΙ
552 2288 583 2310 21
605 2293 666 2310 eam
685 2292 799 2311 euveum
816 2284 870 2310 GL
885 2285 893 2317 ΙΙ
908 2284 1068 2318 meraculo]
1089 2285 1174 2311 misso
1190 2285 1252 2310 add.
1268 2284 1329 2309 LH
1342 2284 1401 2316 (del.
1418 2284 1437 2316 l)
1459 2283 1460 2292 ¹

183 2323 218 2345 24
237 2320 383 2354 campanio
403 2321 436 2346 Η
446 2322 455 2354 ΙΙ
470 2320 685 2347 laurolauinium
705 2320 735 2346 H
