1690 2611
506 131 618 158 COMM.
638 131 676 157 IN
696 130 802 157 VERG.
822 130 905 156 AEN.
927 130 958 156 V.
980 132 1128 156 309—340.
1392 127 1455 158 621

181 225 303 254 camus3
332 225 408 256 ergo
436 225 500 245 non
533 213 661 255 proprie
694 213 776 243 dixit
808 212 939 243 ‘calcem
974 212 1059 243 calce
1092 210 1198 242 terit’:
1232 211 1344 251 planta
1372 209 1458 241 enim

182 269 300 299 calcem
326 278 391 299 11011
414 268 522 309 potuit
545 269 661 298 terere:
686 266 767 298 unde
792 277 811 296 a
834 268 927 307 parte
958 268 1064 296 totum
1090 264 1325 305 accipiendum,
1354 263 1385 294 id
1409 265 1459 294 est

181 321 267 353 calce
290 321 404 362 pedem
428 321 563 352 terebat.

270 375 344 406 325.
381 382 578 406 INCVMBENS
602 381 723 404 VMERO
749 375 805 404 aut
828 372 958 413 Helymi
983 383 1107 404 umero:
1138 374 1194 404 aut
1221 371 1380 403 currentis
1410 372 1460 402 est

182 430 302 470 gestus.

270 482 343 513 326.
381 489 531 512 ELAPSVS
556 489 660 512 PRIOR
689 482 724 511 ut
753 480 829 511 dum
853 479 1006 517 elabitur,
1035 479 1067 510 id
1097 482 1146 511 est
1175 479 1322 510 celeriter
1350 478 1460 518 currit,

181 535 269 576 prior
292 536 361 566 fiat:
386 537 417 566 et
441 534 520 565 satis
545 534 678 565 licenter
702 536 751 564 est
774 533 904 565 dictum.
995 541 1179 564 AMBIGVVM
1203 533 1308 564 minus
1332 532 1460 563 firmum

185 588 225 620 ad
250 588 458 620 celeritatem.

271 642 344 673 327.
382 650 445 673 svss
470 650 570 673 IPSAM
594 650 703 672 FINEM
728 641 853 680 [finem]
880 641 929 671 bis
955 640 1121 671 subaudis:
1151 639 1210 671 sub
1235 639 1339 680 ipsam
1364 639 1460 670 finem

184 697 265 735 [aut]
289 696 366 727 fessi
391 695 609 726 adventabant
633 695 673 725 ad
696 694 801 725 finem.

271 749 344 780 329.
381 757 534 780 LABITVR
558 757 699 780 INFELIX
724 749 800 789 quia
830 750 944 789 parata
973 748 1110 779 victoria
1138 747 1250 778 caruit.
1342 754 1460 778 CAESIS

183 811 228 834 VT
253 811 365 834 FORTE
391 810 552 834 1VVENCIS
577 802 658 833 bene
683 813 750 833 rem
775 803 886 833 notam
911 812 968 842 per
992 802 1167 832 transitum
1190 800 1314 842 tetigit:
1345 810 1462 841 agona-

182 856 223 887 lis
248 856 334 887 enim
358 856 456 887 moris
480 855 588 886 fuerat
611 857 685 896 post
709 854 863 886 sacrificia
888 854 927 885 ad
952 857 1115 886 certamen
1139 854 1257 886 venire.

272 909 345 940 330.
382 917 487 940 Fvsvs
512 917 638 939 HVMVM
663 908 740 939 ordo
766 910 816 939 est
840 907 952 949 esuper
976 907 1092 939 fusus'.

272 962 345 993 332.
383 971 559 993 TITVBATA
583 962 787 1002 participium
812 962 880 992 sine
904 962 995 992 verbi
1020 961 1153 1003 origine.

272 1016 344 1047 333.
382 1025 418 1046 IN
444 1024 518 1047 IPSO
541 1024 707 1047 coucmlr
729 1015 907 1047 ablativum
928 1016 1043 1056 posuit,
1064 1016 1140 1056 quia
1158 1025 1224 1046 non
1245 1016 1294 1045 est
1313 1014 1462 1046 mutatio.

270 1070 343 1101 334.
369 1082 505 1108 Δοεςιιτιες
530 1082 654 1101 „mmmm
671 1070 705 1100 id
722 1072 765 1100 est
783 1069 928 1110 Euryali.
962 1072 989 1100 et
1003 1070 1108 1100 clessvz‘sit
1121 1070 1302 1100 sententiam
1317 1069 1461 1109 Euryali.

249 1131 394 1155 OBLITVS
428 1131 575 1154 AMORVM
612 1134 720 1154 amare
754 1134 811 1154 nec
844 1134 941 1163 supra
976 1123 1071 1153 dictis
1103 1133 1258 1165 congrue:
1295 1123 1341 1153 ait
1378 1122 1462 1153 enim

185 1177 291 1218 (296)
317 1176 437 1208 eamore
466 1177 521 1217 pio
549 1176 666 1217 pueri':
695 1187 779 1208 nunc
809 1175 992 1217 ‘amorum'‚
1027 1177 1080 1218 qui
1108 1177 1279 1217 pluraliter
1306 1187 1371 1208 non
1399 1176 1462 1207 nisi

183 1230 416 1272 turpitudinem
441 1230 633 1271 significant.

272 1284 345 1315 336.
383 1292 497 1315 SPISSA
522 1292 663 1314 HARENA
688 1283 791 1314 tenui:
821 1285 941 1324 quanto
967 1283 1051 1314 enim
1076 1283 1150 1324 quid
1176 1283 1346 1324 minutius,
1369 1285 1462 1315 tanto

184 1340 233 1368 est
257 1337 396 1368 densius.

273 1391 347 1422 338.
384 1399 489 1422 PRIMA
509 1399 620 1422 TENET
640 1388 679 1422 τὰ
698 1391 821 1432 πρῶτα,
841 1391 863 1432 -1-
873 1391 989 1431 prisea.
1057 1400 1282 1428 FREMITVQVE
1302 1399 1462 1423 SECVNDO

185 1445 265 1476 bene
290 1443 451 1476 ‘secundo’
477 1443 612 1484 addidit,
637 1445 711 1485 quia
735 1447 784 1476 est
809 1447 840 1475 et
865 1445 1067 1476 irascentum.

274 1498 346 1529 340.
384 1507 442 1529 HIC
472 1498 627 1539 temporis
658 1497 847 1529 adverbium
877 1500 926 1529 est
955 1499 1050 1529 modo.
1101 1509 1157 1539 per
1190 1509 1320 1529 caveam
1354 1500 1461 1530 autem

186 1551 313 1592 plebem
343 1551 520 1592 significat:
549 1562 623 1582 nam
653 1562 751 1582 cavea
780 1562 947 1582 consessus
978 1554 1028 1582 est
1051 1552 1172 1592 populi.
1264 1560 1333 1583 ORA
1357 1560 1463 1583 PRIMA

185 1613 324 1636 PATRVM
348 1604 408 1635 hoc
432 1607 481 1636 est
506 1604 590 1646 quod
614 1605 775 1636 Iuvenalis
800 1604 852 1644 <II
873 1605 961 1645 ¹147>
991 1605 1037 1636 ait
1066 1608 1102 1636 et
1131 1605 1307 1636 omnibus
1332 1605 1376 1636 ad
1400 1616 1464 1646 po-

185 1658 287 1689 dium
312 1659 593 1699 spectantibus

258 1723 269 1745 1
291 1720 389 1753 planta
408 1719 482 1745 LH:
508 1719 635 1753 plantam
656 1719 721 1745 FN
726 1720 761 1745 M
787 1721 796 1753 11
825 1723 839 1745 2
860 1719 965 1745 calcem
986 1720 1010 1744 1
1017 1720 1059 1745 H:
1085 1719 1189 1746 calcem
1209 1720 1241 1745 N
1272 1720 1347 1746 calce
1368 1719 1439 1745 FM
1456 1720 1463 1753 1

187 1764 243 1781 11011
262 1755 355 1789 potuit
374 1755 542 1788 Stephanus:
562 1755 654 1789 potuit
673 1756 745 1782 libo-i
779 1756 873 1781 dubito
893 1764 956 1780 num
977 1755 1075 1788 planta
1095 1777 1100 1781 .
1118 1776 1122 1781 .
1166 1756 1253 1781 terere
1274 1755 1364 1782 Servii
1381 1756 1438 1782 sint
1455 1756 1464 1789 1

185 1792 279 1817 tenere
298 1791 350 1823 ΝΙΙ
370 1794 385 1816 3
405 1791 519 1822 fortasse
538 1791 642 1816 calcem
662 1791 731 1824 pede
746 1792 755 1824 11
769 1791 894 1817 terrebat
912 1791 936 1815 L
951 1791 959 1823 ΙΙ
980 1794 994 1816 4
1015 1791 1099 1824 elymi
1120 1791 1151 1816 N
1177 1791 1273 1817 helimi
1292 1791 1361 1816 LM
1388 1791 1464 1817 elimi

186 1826 218 1851 H
244 1826 314 1852 flexo
335 1827 490 1860 Stephanus
503 1828 512 1860 11
527 1830 541 1852 5
562 1826 668 1860 gestus]
689 1835 776 1860 genus
796 1826 825 1852 F
851 1827 939 1852 uistus
960 1828 987 1851 H
1000 1828 1009 1859 11
1024 1830 1038 1852 6
1058 1828 1089 1852 ut
1109 1827 1175 1852 dum
1195 1827 1278 1852 FM:
1298 1827 1360 1853 ideo
1381 1827 1413 1852 N
1434 1828 1465 1852 ut

186 1862 220 1887 de
240 1870 272 1887 eo
290 1862 309 1896 ss
329 1862 354 1887 L
383 1863 414 1887 ut
432 1862 485 1888 deo
504 1862 536 1887 H
557 1863 566 1895 11
594 1862 714 1888 elabitur
733 1863 756 1887 I:
776 1862 878 1888 labitm
899 1861 1076 1887 FNLHM.
1105 1864 1138 1894 es'.
1160 1863 1196 1888 (ul
1214 1871 1237 1888 v.
1260 1865 1308 1888 151
1338 1863 1347 1896 ΙΙ
1374 1862 1403 1888 id
1423 1864 1465 1888 est

187 1897 314 1923 celeriter
335 1919 340 1923 .
362 1919 367 1923 .
389 1919 393 1922 .
415 1907 523 1923 meaux
541 1900 572 1928 (τ’.
594 1899 656 1931 329)
676 1906 725 1923 om.
747 1898 776 1923 H
789 1898 798 1931 11
821 1901 834 1923 7
856 1899 887 1923 ut
905 1898 980 1931 prior
999 1897 1059 1922 NL
1068 1898 1104 1923 Μ
1115 1898 1125 1931 11
1145 1898 1183 1931 et]
1205 1898 1253 1923 sed
1274 1898 1324 1931 Fss
1343 1897 1461 1932 dictum]

185 1934 310 1959 transeat
329 1933 439 1966 elapsus
459 1941 519 1958 011111
540 1933 598 1959 labi
619 1933 655 1959 sit
674 1933 772 1959 cadere
793 1934 855 1959 add.
869 1933 903 1958 M
917 1935 926 1966 11
941 1936 955 1959 9
975 1933 1058 1959 finem
1077 1942 1126 1960 om.
1138 1933 1167 1959 F
1179 1934 1188 1967 11
1205 1937 1234 1959 11
1251 1934 1328 1968 quia]
1350 1933 1398 1967 qui
1413 1933 1443 1959 F
1455 1935 1462 1956 l*

188 1971 221 1994 14
236 1969 272 1994 ad
286 1977 309 1994 v.
321 1971 373 1994 330
388 1969 418 1994 in
433 1977 517 2002 mar-y.
538 1968 605 1994 ordo
621 1970 663 1995 est
677 1970 708 1994 ut
722 1970 765 1995 est
782 1969 852 1995 forte
868 1969 944 1994 fusus
964 1969 1094 1995 subaudis
1113 1969 1225 2003 sanguis
1245 1978 1328 2003 super
1347 1970 1463 1995 humum

190 2004 259 2030 cesis
278 2004 402 2030 iuuencis
422 2005 451 2030 et
469 2006 500 2029 ut
518 2004 708 2030 madefecerat
725 2004 829 2030 uirides
848 2005 949 2030 herbas
972 2004 996 2029 T
1007 2005 1015 2037 11
1037 2008 1067 2030 15
1088 2005 1206 2039 origine]
1228 2013 1283 2031 non
1303 2005 1376 2031 enim
1396 2005 1462 2030 dici-

188 2041 233 2065 tur
251 2039 358 2066 titubor
377 2039 506 2066 titubatis
526 2039 592 2065 lieet
611 2039 747 2072 quaedam
762 2041 862 2066 neutra
877 2040 932 2065 sint
946 2048 1016 2072 quae
1030 2040 1085 2066 tria
1100 2040 1205 2066 habent
1218 2040 1368 2074 participia
1382 2048 1461 2074 prae-

189 2075 273 2101 sentis
292 2074 436 2108 praeteriti
456 2075 485 2101 et
502 2075 590 2101 futuri
609 2077 640 2101 ut
658 2075 771 2108 placens
790 2075 909 2109 placitus
929 2077 957 2101 et
976 2075 1131 2108 placiturus
1147 2077 1175 2102 et
1191 2077 1314 2109 prandeo
1334 2076 1462 2102 similiter

188 2111 251 2137 add.
272 2111 300 2136 D
323 2111 331 2144 11
361 2113 393 2136 16
413 2110 568 2136 ablativum
587 2112 693 2144 posuit:
713 2119 769 2137 non
787 2111 860 2136 enim
880 2111 951 2136 dixit
970 2111 998 2136 in
1018 2110 1108 2144 ipsum
1129 2111 1250 2138 concidit
1270 2112 1376 2143 fimum,
1397 2111 1463 2144 quia

187 2155 242 2172 non
266 2148 309 2172 est
332 2145 464 2172 mutatio:
493 2155 557 2172 nam
582 2147 688 2172 motum
712 2155 767 2172 non
791 2146 931 2180 signifieat
950 2146 978 2171 D
1006 2147 1014 2180 11
1047 2150 1074 2172 17
1101 2156 1209 2173 013L1Tvs
1234 2156 1343 2173 „monvm
1369 2147 1398 2172 id
1422 2148 1464 2172 est

188 2181 295 2215 euryali
314 2203 319 2208 .
341 2203 346 2207 .
367 2201 372 2207 .
393 2181 499 2215 euryali
518 2189 643 2207 amorum
663 2190 756 2208 amore
776 2182 836 2215 (sic)
855 2190 874 2208 0
896 2191 918 2215 q.
938 2190 958 2208 s.
980 2181 1009 2207 F
1034 2182 1043 2215 11
1072 2185 1103 2208 18
1124 2183 1229 2217 amare]
1256 2191 1304 2216 pro
1326 2182 1460 2208 ‘amoris'

187 2218 251 2251 vuly
253 2226 268 2243 ο
282 2219 291 2251 11
311 2218 443 2251 congrue]
465 2217 593 2251 congruit
611 2218 690 2251 zulyo
704 2217 713 2250 11
735 2220 765 2243 19
786 2217 845 2251 qui]
866 2217 933 2250 quia
954 2218 989 2243 M
1006 2218 1015 2251 11
1034 2220 1068 2244 20
1087 2218 1245 2260 significant
1264 2218 1304 2243 F:
1324 2218 1463 2252 significat

187 2253 396 2286 NLHM1123
415 2262 448 2278 ra
470 2262 520 2278 neu
522 2261 573 2278 Tac
592 2253 661 2278 ΝΗ
682 2263 714 2278 TA
735 2262 821 2279 uror«
841 2253 867 2278 L
890 2263 922 2278 ΤΛ
938 2262 1030 2278 mum-A
1047 2254 1084 2279 M
1105 2252 1139 2280 τὰ
1158 2254 1255 2286 πρῶτα
1275 2253 1382 2279 scilicet
1400 2253 1463 2279 loca

189 2288 344 2315 Masvicius
364 2290 373 2322 11
396 2288 499 2323 prisca]
523 2288 661 2322 principia.
681 2288 742 2314 Ger.
765 2282 882 2314 vossius.
916 2289 981 2324 νικᾷ
1003 2288 1038 2314 F.
1058 2289 1207 2316 Schoellius
1229 2290 1238 2322 11
1262 2292 1295 2314 ‘24
1315 2289 1393 2314 addit
1411 2288 1437 2314 L
1454 2288 1463 2323 11

187 2323 321 2350 iratorum
342 2324 379 2350 M
391 2326 399 2358 11
418 2327 451 2350 25
472 2325 514 2350 est
528 2333 578 2350 om.
590 2324 626 2349 M
636 2325 644 2357 11
658 2332 728 2358 per.
758 2324 875 2358 .populi
894 2333 953 2350 cum
973 2325 1092 2351 lemmate
1111 2335 1212 2352 CAVEAE
1232 2334 1381 2350 coxsnssvm
1401 2327 1463 2350 ante

188 2360 317 2386 scholium
336 2360 373 2386 ad
392 2370 436 2386 mc
456 2360 585 2386 collocata
604 2360 682 2385 habet
701 2359 730 2385 F
740 2345 798 2393 1126
818 2369 850 2386 ετ
870 2369 942 2386 nona
961 2359 991 2385 F
1002 2360 1011 2393 11
1026 2363 1058 2386 27
1078 2360 1198 2387 iuenalis
1217 2360 1247 2386 F
1263 2359 1414 2386 iuuentalis
1431 2359 1467 2385 M

1196 2403 1250 2430 40*

1482 700 1514 723 10

1483 968 1514 991 15

1482 1504 1515 1527 ⁶25
