1690 2611
692 114 908 142 PRAEFATIO.
1321 118 1435 144 XXXIX

159 197 359 238 persuasisse
385 196 507 228 videbit
528 196 612 238 quod
636 195 775 237 Vergilii
800 198 1048 238 commentator,
1074 200 1108 229 ut
1132 198 1325 240 ‘crepidine'
1351 200 1436 231 abla-

160 250 262 282 tivum
294 262 351 291 pro
381 250 490 282 dativo
518 251 648 292 poetam
680 250 826 291 posuisse
857 250 1027 291 probaret,
1057 252 1195 283 similem
1224 263 1351 284 versum
1381 254 1435 295 qui

161 305 210 335 est
243 303 323 335 Aen.
353 304 381 335 X
412 304 474 335 361
510 303 638 335 ‘haeret
667 303 747 345 pede
780 302 852 344 pes’
888 306 1195 337 commemoraverit.
1232 318 1296 337 non
1331 306 1435 338 minus

159 357 294 388 ridicule
317 357 460 389 Isidorus
481 369 525 389 or.
541 356 620 388 XIII
643 358 696 398 19,
721 357 739 389 8
766 356 895 388 Lucrini
919 357 1007 388 lacus
1032 369 1149 389 nomen
1173 370 1191 390 a
1214 359 1295 391 lucri
1316 361 1436 402 magni-

160 411 270 442 tudine
294 411 501 452 repetendum
526 421 595 442 esse
620 410 700 442 dixit
729 410 813 452 quod
843 411 921 441 olim
945 413 1078 452 propter
1106 412 1271 453 ingentem
1299 414 1434 454 piscium

161 464 285 505 copiam
318 464 527 506 vectigalium
562 466 724 496 exactores
758 464 832 496 inde
862 464 1029 496 fecissent:
1064 476 1126 506 quo
1160 466 1231 497 loco
1263 466 1366 498 Servii
1396 467 1435 498 ad

160 528 269 560 georg.
292 517 325 549 Π
352 518 411 549 161
443 517 652 549 adnotatione
681 519 792 558 aperte
825 518 942 549 abusus
980 520 1036 549 est.
1089 518 1208 550 similia
1236 519 1314 550 haec
1348 523 1434 551 sunt:

160 582 204 603 or.
227 570 290 602 XII
314 571 347 612 6,
371 572 414 602 32
438 573 470 603 et
493 581 601 612 georg.
626 570 673 602 IV
697 571 776 611 234,
800 582 844 602 or.
870 570 933 602 XII
958 572 990 612 7,
1014 572 1035 602 4
1060 573 1092 602 et
1117 571 1195 603 Aen.
1216 572 1262 603 VI
1289 573 1363 614 1983
1389 585 1432 605 or.

159 624 253 656 XVII
282 625 316 665 6,
347 625 384 656 11
416 627 447 656 et
475 625 553 655 Aen.
582 624 611 655 X
636 625 691 664 583
725 635 770 655 or.
799 623 909 655 XVIII
938 625 981 655 24
1014 627 1046 656 et
1080 634 1188 667 georg.
1217 625 1248 656 II
1277 626 1354 666 5313
1389 638 1432 658 or.

158 677 269 709 XVIII
293 678 335 709 23
367 680 399 709 et
428 688 537 720 georg.
561 678 611 709 III
638 678 712 719 1053
743 689 787 709 or.
811 677 887 708 XIX
913 678 946 718 2,
978 679 995 709 7
1027 680 1058 709 et
1088 678 1167 709 Aen.
1192 678 1255 710 VII
1285 680 1362 720 631,
1392 692 1436 711 or.

158 729 235 761 XIX
258 731 292 772 4,
320 732 335 762 1
362 733 394 762 et
418 731 498 763 Aen.
522 731 537 762 I
564 732 635 763 727.

247 784 482 827 Quadringenti
507 786 613 816 autem
633 785 681 816 illi
707 784 809 816 Servii
834 785 896 816 loci
926 796 1004 827 quos
1030 786 1070 816 ab
1100 785 1224 817 Isidoro
1254 787 1433 827 exscriptos

159 849 228 869 esse
243 838 309 869 dixi
324 849 396 870 cum
413 849 523 870 omnes
540 839 696 870 brevioris
713 839 937 870 commentarii
952 839 1031 880 sint,
1046 839 1140 870 huius
1157 839 1257 880 ipsius
1274 841 1437 881 exemplar

158 892 287 933 aliquod
312 891 499 933 Hispalensi
520 893 670 934 episcopo
697 893 735 924 ad
756 904 885 924 manum
906 893 1006 924 fuisse
1031 893 1244 934 probabiliter
1270 894 1435 925 conicitur.

158 945 213 976 sed
238 945 323 976 aliud
347 947 572 987 argumentum
602 946 634 977 in
664 948 816 988 promptu
841 949 890 978 est
920 957 982 988 quo
1008 958 1044 977 ea
1073 957 1123 977 res
1150 947 1195 977 sic
1220 947 1435 988 confirmetur,

158 1001 194 1030 ut
218 999 321 1030 omnis
345 999 481 1031 tollatur
506 1000 676 1031 dubitatio.
715 1011 789 1031 uam
815 1000 893 1031 satis
923 1001 1025 1031 multa
1049 1000 1173 1032 scholia
1202 1011 1283 1041 quae
1312 1000 1345 1031 in
1370 1000 1433 1031 Da-

157 1053 250 1084 nielis
275 1053 368 1084 libris
388 1052 535 1094 pleniora
559 1055 634 1084 sunt
662 1064 757 1094 quam
787 1053 819 1084 in
850 1053 991 1095 vulgatis
1016 1054 1063 1085 ita
1087 1054 1127 1085 ab
1156 1053 1282 1085 Isidoro
1311 1054 1344 1084 in
1373 1054 1434 1085 ori-

157 1106 269 1148 ginum
300 1106 400 1137 libros
427 1106 600 1148 adsumpta
633 1117 702 1137 esse
733 1106 891 1146 videmus,
927 1109 963 1138 ut
986 1107 1066 1138 nihil
1099 1109 1263 1148 receptum
1297 1107 1339 1138 sit
1372 1107 1434 1138 nisi

157 1159 242 1201 quod
271 1159 366 1190 hodie
401 1170 528 1201 quoque
562 1160 595 1191 in
628 1160 769 1201 vulgatis
805 1159 897 1191 libris
930 1162 1031 1201 extet,
1062 1172 1255 1202 quamquam
1287 1172 1324 1192 ea
1354 1172 1435 1202 quae

156 1213 312 1254 plenioris
337 1213 561 1245 commentarii
592 1215 704 1244 auctor
728 1213 777 1244 vel
807 1214 979 1245 inseruerit
1008 1215 1057 1245 vel
1087 1215 1246 1246 addiderit
1274 1215 1321 1246 ita
1350 1226 1435 1246 com-

157 1268 272 1307 parata
297 1266 374 1307 sint,
397 1268 433 1297 ut
462 1266 605 1298 Isidorus
636 1267 662 1298 si
690 1267 816 1308 plenius
846 1268 1009 1308 exemplar
1038 1268 1204 1299 habuisset
1234 1280 1270 1299 ea
1298 1280 1361 1300 11011
1391 1269 1434 1300 vi-

156 1320 270 1351 deatur
295 1320 473 1352 omissurus
497 1321 605 1352 fuisse.
644 1320 850 1352 conferantur
874 1321 958 1352 inter
983 1333 1015 1352 se
1039 1322 1118 1353 haec
1138 1322 1253 1353 Isidori
1279 1324 1311 1353 et
1332 1321 1434 1352 Servii

157 1373 268 1404 verba:
294 1384 339 1404 or.
368 1373 415 1404 VI
440 1374 492 1415 19,
521 1374 561 1405 27
594 1375 625 1405 et
649 1374 729 1405 Aen.
758 1373 820 1405 XII
846 1375 923 1415 5203
952 1386 996 1406 or.
1026 1374 1073 1406 VI
1100 1375 1152 1416 19,
1182 1376 1223 1407 82
1252 1378 1283 1406 et
1312 1375 1391 1406 Aen.
1420 1375 1434 1405 I

157 1426 234 1467 632,
260 1437 305 1457 or.
329 1426 410 1457 VIII
444 1428 496 1466 11,
524 1427 566 1459 48
598 1438 646 1468 sq.
675 1429 707 1458 et
736 1426 815 1458 Aen.
845 1427 892 1458 IV
921 1428 999 1468 242,
1025 1439 1068 1459 or.
1092 1427 1138 1459 IX
1163 1428 1196 1468 3,
1224 1428 1267 1459 44
1296 1430 1328 1459 et
1356 1428 1434 1460 Aen.

156 1479 205 1510 III
230 1479 307 1520 519,
332 1490 376 1511 or.
400 1479 447 1511 IX
471 1480 511 1521 4,
535 1481 553 1511 8
579 1482 610 1511 et
635 1481 713 1511 Aen.
737 1480 768 1511 V
794 1481 870 1521 758,
895 1492 939 1512 or.
963 1481 991 1512 X
1015 1481 1073 1511 101
1097 1483 1128 1512 et
1148 1480 1261 1512 Aen.I
1290 1482 1364 1523 178,
1389 1492 1433 1512 or.

156 1532 185 1563 X
212 1533 272 1564 163
299 1535 331 1564 et
355 1532 432 1564 Aen.
458 1532 537 1564 VIII
567 1532 677 1574 649¹);
708 1544 751 1564 or.
781 1533 827 1564 XI
857 1534 890 1574 3,
919 1534 961 1564 34
982 1545 1049 1575 sqq.
1079 1533 1130 1575 (cf.
1160 1534 1221 1565 XII
1251 1535 1285 1574 4,
1315 1534 1371 1577 23)
1401 1538 1433 1566 et

156 1585 236 1617 Aen.
266 1585 314 1617 VI
344 1587 407 1617 287
433 1586 523 1628 sq.²’);
557 1597 600 1617 or.
631 1586 693 1617 XII
725 1587 758 1627 2,
782 1587 801 1618 2
833 1589 865 1618 et
896 1586 974 1618 Aen.
1004 1587 1018 1618 I
1043 1588 1120 1628 2153
1157 1599 1200 1619 or.
1230 1588 1294 1619 XII
1326 1589 1359 1629 2,
1394 1590 1430 1619 11

157 1641 189 1671 et
213 1639 290 1670 Aen.
315 1638 363 1670 III
391 1640 467 1681 113,
493 1651 538 1671 or.
568 1640 630 1671 XII
656 1641 688 1680 3,
719 1641 737 1671 6
768 1642 799 1671 et
828 1640 907 1671 Aen.
932 1640 995 1672 XII
1024 1641 1056 1681 9,
1087 1653 1131 1672 or.
1161 1641 1240 1673 XIII
1272 1643 1324 1682 16,
1353 1643 1371 1673 8
1402 1644 1433 1673 et

156 1692 235 1723 Aen.
259 1691 306 1723 VI
332 1693 385 1733 143
411 1704 455 1724 or.
479 1692 556 1724 XIV
581 1694 615 1734 6,
640 1694 681 1724 23
703 1695 734 1724 et
759 1693 838 1725 Aen.
859 1693 890 1724 II
912 1692 999 1735 213),
1026 1705 1068 1726 or.
1086 1694 1163 1726 XIV
1178 1696 1211 1736 6,
1236 1695 1277 1726 36
1303 1697 1335 1726 et
1354 1695 1433 1727 Aen.

155 1746 171 1777 I
195 1746 250 1786 52,
275 1757 319 1777 or.
344 1745 405 1777 XV
429 1746 462 1787 9,
487 1747 506 1777 6
531 1748 563 1777 et
587 1746 668 1778 Aen.
692 1747 737 1778 IX
763 1747 820 1787 60,
851 1759 895 1778 or.
919 1747 980 1778 XV
1008 1748 1060 1788 13,
1087 1749 1126 1779 12
1152 1750 1184 1779 et
1208 1759 1316 1790 georg,
1341 1749 1355 1779 I
1377 1750 1432 1790 71,

157 1809 202 1830 or.
225 1798 304 1830 XVI
327 1799 360 1840 3,
385 1800 404 1830 3
430 1802 461 1831 et
485 1799 565 1830 Aen.
590 1800 618 1830 X
644 1800 720 1840 6533
746 1811 790 1831 or.
806 1800 900 1831 XVII
916 1801 950 1841 5,
969 1801 988 1832 3
1010 1805 1040 1832 et
1065 1801 1134 1832 buc.
1156 1801 1185 1832 V
1207 1803 1237 1842 7,
1263 1813 1307 1833 or.
1323 1802 1433 1833 XVIII

159 1851 191 1891 7,
215 1852 233 1883 8
259 1854 291 1883 et
316 1852 394 1883 Aen.
419 1852 464 1884 IX
493 1853 570 1893 705,
595 1864 640 1884 or.
664 1852 776 1884 XVIII
804 1854 856 1885 12.
887 1854 905 1883 6
935 1856 967 1885 et
996 1855 1074 1885 Aen.
1102 1854 1147 1885 IX
1177 1855 1254 1895 5053
1284 1867 1328 1887 or.
1356 1856 1432 1887 XIX

159 1905 192 1941 1,
217 1904 236 1935 9
262 1906 295 1935 et
319 1904 396 1936 Aen.
420 1905 435 1936 I
459 1906 516 1946 433
549 1917 592 1937 or.
616 1905 692 1937 XIX
720 1907 753 1947 7,
777 1907 796 1937 3
828 1908 859 1937 et
887 1906 965 1938 Aen.
991 1907 1070 1938 VIII
1095 1908 1174 1948 4533
1203 1920 1247 1939 or.
1276 1909 1352 1939 XIX
1385 1910 1434 1949 19,

157 1958 176 1989 6
203 1959 235 1988 et
258 1957 337 1989 Aen.
361 1957 407 1988 IX
431 1958 510 1998 4083
534 1970 576 1990 or.
601 1959 660 1990 XX
688 1960 740 2000 10,
773 1961 786 1990 1
819 1962 851 1991 et
876 1960 954 1991 Aen.
980 1961 1042 1992 XII
1074 1962 1149 2002 1183
1179 1973 1223 1993 or.
1248 1962 1308 1993 XX
1336 1962 1387 2002 14,
1413 1963 1432 1993 2

159 2013 191 2042 et
215 2021 323 2053 georg.
343 2011 358 2041 I
386 2011 459 2052 170,
485 2023 529 2043 or.
549 2012 609 2043 XX
636 2013 690 2053 14,
718 2013 757 2044 10
782 2015 814 2044 et
838 2024 938 2055 georg
961 2014 976 2044 I
1004 2015 1074 2046 164.

246 2063 438 2105 Priusquam
462 2064 598 2096 aliorum
619 2066 670 2096 vel
694 2065 810 2108 alius4)
838 2067 871 2097 in
896 2066 1078 2108 Vergilium
1104 2071 1285 2100 commenta
1310 2069 1349 2100 ab
1374 2069 1430 2100 Isi-

229 2180 254 2212 1)
275 2178 370 2205 omisit
388 2178 509 2205 Isidorus
531 2178 624 2212 ‘quasi
638 2178 852 2213 στρογγύλωπας
871 2189 888 2207 a
907 2181 1105 2215 rotunditate',
1125 2191 1188 2208 nam
1209 2182 1302 2209 Plauti
1322 2191 1430 2208 versum

155 2218 324 2245 addiderunt
344 2218 416 2245 Itali.
490 2220 517 2251 2)
537 2219 570 2245 cf.
594 2218 766 2253 mythogr..1
787 2223 834 2252 72,
856 2220 880 2247 II
902 2224 967 2254 131,
986 2222 1025 2247 III
1047 2225 1087 2254 14,
1109 2225 1131 2248 5.
1216 2224 1242 2254 3)
1262 2222 1314 2248 hoc
1335 2223 1395 2248 Ioco
1415 2231 1431 2247 a

155 2258 335 2292 vulgatorum
349 2258 484 2285 librorum
504 2257 651 2291 memoria,
673 2267 756 2292 quam
776 2259 897 2286 Isidorus
917 2262 1026 2288 secutus
1047 2263 1096 2294 est,
1118 2263 1305 2288 Cassellanum
1326 2262 1430 2287 dissen-

155 2297 208 2324 tire
229 2306 336 2325 moneo.
441 2300 467 2332 4)
487 2307 552 2324 nam
571 2298 617 2324 vix
638 2298 782 2332 probabile
802 2301 843 2326 est
861 2299 955 2333 plures
974 2303 1085 2334 praeter
1105 2301 1266 2328 Servianum
1291 2310 1429 2327 commen-

154 2337 240 2364 tarios
260 2337 395 2365 Isidorum
415 2338 574 2372 inspexisse.
