1690 2611
688 133 903 160 PRAEFATIO.
1332 133 1434 159 XXVII

156 216 346 257 gnoscendis
358 216 540 257 Vergilium
555 215 803 256 diligentissime
824 217 988 246 versatum
1009 226 1078 245 esse
1098 215 1255 255 consulto,
1274 216 1307 245 ni
1328 214 1434 254 fallor,

156 272 433 301 commemoratur.
443 268 468 312 Ι)
497 269 580 308 inde,
595 268 675 300 mihi
695 268 833 309 suspitio
854 270 926 299 orta
946 270 1003 309 est,
1024 269 1271 309 grammaticum
1292 268 1432 309 aliquem

155 334 376 364 quaecumque
405 323 443 354 ad
471 322 651 355 doctrinam
680 323 796 363 poetae
825 321 1061 352 inlustrandam
1091 324 1167 362 apta
1191 321 1376 352 viderentur
1400 321 1433 352 in

155 388 253 407 unum
283 377 466 419 collegisse,
499 378 595 417 atque
624 387 661 407 ex
691 386 729 407 eo
758 375 843 406 libro
873 375 978 415 petita
1007 386 1076 406 esse
1105 386 1186 416 quae
1219 387 1236 406 a
1267 375 1432 406 Macrobio

155 430 243 461 tertii
277 430 354 461 libri
388 430 550 471 capitibus
582 429 688 460 1—1‘2
718 428 884 469 et,quinti
913 439 980 469 cap.
1008 429 1137 459 18—22
1170 429 1315 469 exposita
1349 431 1432 460 sunt.

155 495 252 524 quam
282 484 500 515 coniecturam
529 494 594 514 non
623 482 734 523 putavi
765 484 898 523 propter
926 481 1005 512 illud
1029 481 1229 513 abiciendam
1255 493 1322 513 esse
1348 483 1432 523 quod

155 537 290 568 Linkius
315 548 344 578 p.
369 537 410 568 29
435 536 576 575 monuit,
600 535 638 566 de
662 546 757 566 versu
783 535 838 576 qui
863 537 911 566 est
935 535 1014 566 Aen.
1038 534 1070 566 II
1095 536 1156 566 351
1184 535 1271 566 aliud
1296 536 1431 576 proferri

156 590 222 622 Sat.
244 590 294 621 III
318 590 347 631 9,
371 590 459 621 aliud
483 589 513 621 V
535 591 585 630 22,
607 591 635 621 ἵ.
672 601 748 620 nam
772 589 868 620 facile
892 588 1000 630 potuit
1025 589 1258 629 grammaticus
1282 589 1336 619 ille
1360 601 1430 620 cum

155 655 318 675 sacrarum
341 655 448 674 rerum
471 646 592 684 quanta
616 643 752 674 scientia
768 642 932 684 Vergilius
962 642 1077 673 fuisset
1101 642 1281 683 exponebat
1306 654 1431 673 versum

154 697 245 728 illum
271 708 286 727 e
311 696 549 728 ‘vetustissimo
574 696 794 728 Romanorum
819 707 908 727 more
933 698 965 727 et
989 696 1218 727 occultissimis
1243 696 1358 727 sacris-⁷
1384 708 1432 728 ex-

154 750 288 791 plicare,
321 750 385 781 alio
416 750 486 781 loco
519 761 581 791 quo
614 750 652 781 de
684 752 782 790 poeta
813 748 1010 781 Graecorum
1042 749 1235 789 scriptorum
1268 749 1432 781 imitatore

154 803 342 845 disputabat
366 803 486 834 similia
504 803 670 844 Euripidis
695 803 794 834 verba
819 803 941 834 afferre.
980 803 1058 833 libri
1082 805 1190 834 autem
1214 794 1301 834 illius
1327 803 1431 834 fontes

153 856 288 888 Linkius
313 859 345 888 et
365 856 526 888 Wissowa
550 858 596 888 ita
620 857 901 897 investigaverunt
924 859 961 887 ut
985 856 1066 887 illud
1090 858 1216 888 constet
1241 856 1325 897 quod
1350 868 1432 887 sum-

154 921 242 941 mum
267 912 325 950 est,
350 921 388 941 ea
411 921 492 951 quae
517 912 550 940 et
574 910 759 941 Macrobius
784 912 816 940 et
835 910 862 941 is
883 910 938 950 qui
962 910 1139 951 pleniorem
1165 911 1431 942 commentarium

153 964 336 1004 composuit
360 975 399 995 ex
423 975 460 995 eo
486 964 714 1004 exscripserint
738 963 798 995 fide
823 963 1016 1004 dignissima
1040 975 1118 1004 esse,
1143 964 1261 1005 quippe
1286 975 1366 1005 quae
1392 964 1431 995 ad

153 1016 416 1048 doctissimorum
438 1017 607 1048 hominum
631 1017 860 1049 auctoritatem
886 1020 918 1048 et
941 1017 1131 1048 testimonia
1154 1018 1295 1050 redeant.

240 1070 416 1102 Videamus
430 1082 514 1102 nunc
530 1070 688 1102 brevioris
709 1071 943 1112 commentarii,
968 1071 1022 1111 qui
1042 1071 1199 1103 librorum
1219 1083 1315 1103 manu
1336 1072 1432 1112 scrip-

150 1126 258 1155 torum
290 1123 395 1155 titulis
430 1124 565 1165 aliisque
593 1124 791 1155 testimoniis
816 1123 927 1155 Servio
951 1124 1121 1165 tribuitur,
1145 1136 1226 1166 quae
1251 1126 1316 1157 sint
1335 1125 1431 1156 ratio-

150 1188 219 1217 1105,
249 1179 285 1208 ut
313 1188 410 1218 quam
444 1177 588 1209 diversus
622 1178 664 1209 sit
693 1178 749 1209 ille
774 1189 792 1208 a
815 1178 996 1218 pleniorum
1021 1178 1179 1210 librorum
1204 1178 1432 1210 additamentis

151 1230 368 1272 intellegatur.
400 1242 437 1262 ac
461 1231 600 1272 primum
626 1230 753 1272 quidem
779 1242 893 1262 moneo
919 1233 986 1262 tam
1012 1233 1137 1273 aequali
1162 1244 1232 1263 esse
1253 1233 1432 1264 breviorem

154 1285 423 1316 commentarium
452 1284 567 1316 habitu
596 1296 633 1316 ac
662 1285 754 1326 quasi
783 1287 908 1325 tenore,
937 1287 972 1316 ut
1002 1288 1088 1317 certo
1118 1286 1253 1318 consilio
1283 1288 1433 1327 certaque

151 1337 277 1369 ratione
307 1338 347 1369 ab
377 1349 442 1369 uno
472 1338 602 1369 homine
633 1338 780 1370 videatur
810 1338 1010 1379 compositus
1040 1350 1117 1370 esse.
1163 1351 1239 1371 nam
1269 1340 1344 1371 licet
1368 1350 1432 1370 11011

151 1393 239 1422 totus
273 1391 312 1422 ad
342 1391 596 1423 adulescentium
625 1391 840 1422 eruditionem
871 1392 1130 1424 accommodatus
1156 1393 1211 1433 sit,
1246 1393 1301 1424 sed
1335 1393 1431 1424 etiam

155 1444 339 1476 hominibus
361 1445 587 1477 scholasticam
606 1445 809 1485 disciplinam
830 1446 968 1486 egressis
989 1446 1077 1477 utilis
1094 1457 1163 1477 esse
1178 1447 1329 1487 potuerit,
1353 1447 1432 1478 illud

153 1561 211 1590 134,
240 1561 285 1590 163
314 1568 340 1592 p.
369 1561 427 1592 145,
448 1562 494 1591 20;
524 1569 550 1593 p.
582 1562 645 1592 183,
668 1562 712 1591 15;
733 1568 758 1592 p.
779 1562 838 1591 225,
860 1562 888 1590 4;
918 1568 944 1592 p.
969 1562 1029 1593 230,
1055 1564 1101 1593 193
1130 1570 1155 1594 p.
1182 1563 1241 1592 260,
1263 1564 1292 1593 4,
1322 1570 1347 1594 p.
1372 1563 1431 1594 298,

152 1601 179 1630 7;
209 1607 236 1632 p.
266 1601 325 1631 320,
356 1602 383 1631 7;
414 1608 441 1632 p.
461 1603 521 1632 321,
551 1602 596 1631 17;
626 1608 652 1632 p.
683 1603 742 1631 339,
763 1602 809 1631 23,
839 1608 864 1632 p.
886 1602 945 1632 122,
962 1602 1008 1632 20,
1039 1609 1065 1634 p.
1091 1604 1151 1633 433,
1178 1605 1224 1632 15;
1253 1610 1279 1634 p.
1305 1604 1364 1633 413,
1387 1604 1431 1633 183

151 1638 220 1664 Aen.
240 1638 305 1664 VIII
325 1641 376 1665 363
398 1641 426 1665 et
446 1642 505 1665 552.
554 1641 676 1665 ceterum
707 1648 762 1672 qua
786 1648 814 1664 re
847 1638 976 1665 effectum
1006 1639 1042 1665 sit
1061 1641 1093 1666 ut
1111 1649 1252 1666 sacrorum
1272 1642 1300 1666 et
1319 1640 1431 1673 religio-

152 1687 218 1704 num
237 1678 392 1705 rationibus
412 1679 614 1713 cognoscendis
625 1679 764 1712 Vergilius
784 1678 904 1704 maxime
925 1687 1038 1712 operam
1054 1680 1164 1706 dedisse
1183 1681 1330 1714 putaretur
1349 1681 1431 1707 facile

151 1718 334 1752 intellegitur.
382 1719 486 1745 etenim
511 1719 688 1753 grammatici
713 1727 775 1744 cum
799 1721 914 1752 propter
937 1719 1071 1752 pietatem
1098 1721 1247 1754 praecipue
1272 1729 1288 1746 a
1308 1720 1431 1754 Vergilio

153 1759 276 1784 Aeneam
300 1758 447 1785 laudatum
471 1767 530 1785 esse
555 1759 693 1792 viderent,
724 1760 836 1792 poetam
863 1759 944 1785 anxio
969 1759 1089 1792 quodam
1109 1760 1201 1787 studio
1221 1760 1250 1786 id
1270 1761 1358 1794 egisse
1378 1761 1431 1787 sibi

152 1800 355 1831 persuaserunt,
372 1800 403 1825 ut
418 1807 488 1832 quae
503 1799 682 1833 pontificibus
697 1798 854 1825 flaminibus
870 1799 932 1825 aliis
948 1799 1139 1826 sacerdotibus
1154 1801 1327 1834 praescripta
1342 1803 1432 1827 essent

156 1838 253 1863 eadem
273 1839 382 1864 Aeneas
403 1839 563 1865 observasse
583 1839 732 1865 videretur.
776 1847 808 1864 ea
827 1838 936 1865 ratione
956 1839 1081 1873 Vergilio
1101 1840 1191 1866 multa
1209 1840 1316 1866 tributa
1336 1848 1395 1866 esse
1416 1850 1432 1866 a

153 1877 252 1911 quibus
271 1887 348 1904 mens
369 1878 428 1904 eius
447 1878 540 1905 aliena
559 1878 643 1905 fuerit
662 1887 744 1905 nemo
764 1887 817 1904 non
837 1878 922 1906 videt.
960 1879 1013 1905 hac
1028 1879 1089 1913 ipsa
1103 1889 1132 1906 re
1147 1880 1245 1906 dubito
1261 1889 1296 1907 an
1313 1880 1430 1913 Servius,

153 1917 200 1943 cni
220 1917 324 1944 librum
343 1918 423 1944 illum
443 1919 585 1953 cognitum
605 1919 691 1944 fuisse
710 1918 792 1944 facile
813 1918 933 1945 conicias
953 1919 997 1951 (cf.
1017 1919 1052 1945 ad
1073 1920 1140 1946 Aen.
1161 1920 1184 1945 II
1204 1923 1252 1946 148
1273 1921 1301 1946 et
1320 1919 1343 1945 X
1359 1921 1431 1953 228),

154 1958 245 1983 motus
265 1957 302 1983 sit
321 1959 353 1984 ut
370 1958 441 1984 nihil
460 1958 524 1985 inde
545 1960 711 1992 excerperet.
750 1967 813 1984 nam
834 1967 1002 1992 quamquam
1023 1960 1058 1985 ad
1074 1960 1140 1986 Aen.
1158 1960 1183 1985 II
1199 1963 1213 1986 2
1234 1961 1356 1986 Aeneam
1371 1961 1430 1986 ubi-

152 2005 206 2030 que
232 1997 311 2030 quasi
336 1999 475 2024 sacratum
499 1998 593 2025 induci
618 1999 699 2032 dicit,
727 1999 763 2024 ad
787 2008 812 2024 v.
833 2001 883 2024 326
905 2000 933 2025 et
952 2001 1002 2025 428
1028 2008 1090 2025 eum
1110 2001 1141 2025 ut
1160 2000 1332 2026 sacerdotem
1353 2009 1430 2025 num-

153 2045 236 2070 quam
257 2037 293 2063 ad
312 2037 427 2064 deorum
446 2038 571 2065 convicia
590 2038 666 2065 abire
687 2038 775 2071 docet,
796 2038 831 2065 ad
850 2048 875 2064 v.
897 2041 947 2064 704
966 2039 1111 2066 divinandi
1130 2040 1259 2073 peritiam
1280 2040 1305 2065 ei
1324 2040 1430 2072 tribuit,

152 2077 229 2103 nullo
253 2079 348 2103 tamen
371 2077 433 2104 loco
457 2086 502 2104 eas
527 2087 570 2104 res
594 2078 749 2104 accuratius
772 2080 953 2113 persequitur.
1084 2081 1108 2113 1)
1128 2080 1161 2106 cf.
1184 2080 1241 2106 Sat.
1261 2079 1285 2106 V
1307 2083 1346 2112 18,
1369 2083 1381 2105 1
1403 2082 1431 2105 et

152 2119 194 2149 22,
210 2119 225 2142 6
241 2118 270 2142 et
286 2119 325 2143 15.
364 2117 399 2142 ad
419 2119 486 2143 Aen.
506 2117 518 2142 I
537 2121 571 2144 44
591 2119 626 2151 (p.
639 2120 736 2151 31,23)
759 2118 857 2145 ‘totius
877 2121 971 2145 autem
991 2120 1089 2146 Italiae
1110 2119 1325 2146 curiosissimum
1347 2120 1430 2145 fuisse

154 2156 311 2190 Vergilium
330 2156 513 2183 multifariam
533 2157 674 2191 apparet’.
712 2167 738 2191 p.
759 2161 819 2191 392,
842 2162 872 2185 12
895 2159 958 2185 ‘sed
978 2159 1117 2193 Vergilius
1137 2168 1234 2186 amans
1253 2160 1368 2186 inventa
1387 2168 1430 2186 oc-

152 2196 263 2222 casione
293 2196 440 2223 recondita
468 2205 594 2230 quaeque
623 2197 785 2225 summatim
813 2200 842 2225 et
870 2199 1012 2233 antiquam
1041 2199 1202 2233 contingere
1230 2200 1367 2231 fabulam,
1397 2199 1429 2224 de

151 2235 260 2262 Abante
280 2235 370 2262 dixit?
425 2245 452 2270 p.
471 2240 532 2269 404,
555 2239 585 2262 12
612 2236 660 2262 nbi
684 2237 718 2263 de
739 2237 836 2271 Troia,
860 2238 937 2273 Epiri
957 2239 1068 2273 oppido,
1093 2240 1186 2274 agitur
1207 2240 1295 2266 ‘unde
1315 2240 1431 2272 apparet

151 2275 275 2302 divinum
301 2277 414 2309 poetam
441 2276 518 2303 aliud
546 2277 676 2310 agentem
705 2285 801 2303 verum
826 2287 934 2312 semper
958 2279 1116 2313 attingere.⁷
1160 2280 1228 2306 Aen.
1248 2279 1285 2305 XI
1306 2282 1356 2305 532
1382 2279 1429 2305 ubi

151 2315 233 2349 Opim
253 2316 288 2342 ab
307 2316 436 2349 Ephesiis
461 2316 580 2343 Dianam
606 2316 778 2343 nominatam
803 2326 860 2345 esse
884 2319 1035 2345 Alexandri
1060 2320 1152 2346 Aetoli
1176 2321 1275 2354 poetae
1304 2320 1429 2353 exemplo

157 2355 310 2381 ostenditur
331 2356 417 2389 ‘quod
436 2356 488 2383 hoc
508 2356 569 2383 loco
584 2356 769 2390 peritissimus
789 2358 966 2392 antiquitatis
985 2361 1069 2393 poeta
1088 2360 1178 2386 sociae
1198 2360 1256 2386 eius
1275 2359 1428 2392 imposuit.’

1456 1069 1572 1088 nrm-ioris

1449 1098 1586 1115 curum-›nia-

1446 1123 1475 1141 rii
1491 1124 1590 1141 rationes

1446 1155 1496 1168 cuin
1508 1149 1593 1172 plenio-

1450 1182 1471 1194 re
1487 1182 1575 1199 compa>

1469 1206 1554 1222 rantur.
