1690 2611
205 122 207 124 ¹
227 128 315 155 XLIV
758 128 974 155 PRAEFATIO.

230 211 314 242 alius
347 211 533 252 interpretis
567 211 606 242 ad
637 211 766 243 eosdem
798 211 936 253 Vergilii
972 222 1084 243 versus
1116 210 1252 250 scholia,
1284 223 1363 253 quae
1393 214 1508 254 postea

230 264 358 295 demum
384 275 454 294 cum
481 262 635 295 Serviano
665 264 895 296 commentario
925 264 1098 296 coniuncta
1126 264 1203 305 sint,
1232 264 1355 297 Isidoro
1380 265 1419 297 ad
1442 277 1507 297 ma-

230 329 306 348 num
338 317 437 348 fuisse
466 317 545 358 dixi,
573 317 605 348 id
635 317 708 348 aliis
738 318 847 349 etiam*
866 318 1021 359 exemplis
1053 317 1271 349 confirmatur.
1313 318 1414 350 veluti
1445 319 1507 350 duo

230 370 394 411 originum
424 370 501 411 loci,
532 371 587 412 qui
620 372 695 402 sunt
723 371 800 402 XIV
828 372 863 412 4,
892 372 934 402 22
966 371 1039 402 ‘alii
1069 370 1236 402 Etruriam
1261 395 1267 402 .
1288 396 1321 403 ..
1351 369 1417 403 ἀπὸ
1448 372 1509 403 τοῦ

230 423 352 455 θῦσαι’
382 426 414 455 εὴ
442 423 553 455 XVIII
579 425 610 465 7,
642 425 658 455 7
675 450 683 465 ,
708 435 779 455 cum
810 424 941 456 scholiis
971 424 1009 455 ad
1038 424 1118 456 Aen.
1147 423 1176 455 X
1210 425 1272 456 164
1301 426 1333 456 et
1359 424 1424 457 VII
1449 425 1509 456 741

230 478 450 519 consentiunt,
480 489 561 519 quae
585 477 702 509 Daniel
731 489 796 509 non
826 489 841 509 e
871 477 1069 509 Floriacensi
1099 477 1222 519 codiee,
1251 478 1305 520 qui
1333 478 1510 519 pleniorem

208 546 215 548 >
231 531 285 572 qui
310 533 443 562 vocatur
468 530 570 563 Servii
599 531 867 563 commentarium
896 531 1040 573 exhibet,
1069 531 1124 563 sed
1155 542 1192 562 ex
1216 531 1398 563 Turonensi
1425 532 1510 563 libro

231 585 342 625 edidit,
367 585 421 626 qui
447 585 550 616 Servii
577 585 698 616 scholia
726 585 789 616 nisi
818 585 927 626 paucis
960 585 1039 616 locis
1067 596 1132 616 non
1161 584 1305 627 habet.¹)
1345 587 1512 626 praeterea

232 638 376 669 Isidorus
401 638 523 670 scholia
548 639 678 680 aliquot,
702 650 783 680 quae
798 639 926 680 quidem
947 639 1199 680 iniplenioribus
1220 639 1312 670 libris
1338 640 1459 680 extant,
1479 639 1512 670 in

231 692 374 733 origines
399 693 581 733 transtulit,
607 692 807 723 Servianum'
822 692 980 723 scholium
1000 692 1041 723 ad
1061 692 1171 723 eadem
1195 694 1310 733 poetae
1336 693 1434 724 verba
1458 692 1512 724 ad—

232 745 389 787 scriptum
417 746 568 787 neglexit.
611 746 648 777 ef.
679 757 723 777 or.
752 745 797 776 IX
828 746 861 786 2,
893 746 933 776 74
963 745 1103 787 ‘Pelasgi
1204 745 1450 777 eommemorat’
1479 747 1513 777 et

233 798 311 830 Aen.
336 798 415 830 VIII
441 799 518 840 6003
543 810 588 830 or.
618 799 664 830 XI
696 800 727 840 1,
758 799 797 830 79
829 801 861 830 et
890 798 969 830 Aen.
997 798 1013 830 I
1037 798 1115 840 211,
1145 809 1190 830 or.
1218 798 1296 830 XIII
1325 799 1380 840 21,
1409 799 1451 831 26
1480 801 1513 830 et

234 852 312 883 Aen.
336 852 382 883 XI
407 853 484 894 457,
510 864 554 884 or.
583 852 661 884 XVI
686 853 743 893 20,
776 853 813 883 11
846 854 879 883 et
907 852 987 883 Aen.
1016 851 1032 883 I
1056 852 1136 893 448,
1164 863 1208 883 or.
1237 852 1332 884 XVII
1357 853 1390 894 6,
1416 853 1455 885 18
1481 854 1513 884 et

234 906 313 937 Aen.
337 905 384 937 IV
409 907 483 938 242.
521 906 658 947 denique
682 906 768 937 haud
788 917 890 947 pauca
911 917 1021 937 eorum
1042 916 1124 946 quae
1148 916 1165 936 e
1184 905 1329 946 pleniore
1354 917 1512 938 commen-

232 959 314 991 tario
339 959 482 991 Isidorus
508 960 726 1001 adsumpsisse
756 960 880 991 videtur
910 960 948 993 ad
978 959 1115 1000 Vergilii
1145 969 1256 990 versus
1283 960 1447 1000 pertinent
1475 960 1513 991 de

234 1013 350 1053 quibus
383 1012 515 1044 Servius
547 1013 617 1054 ipse
648 1013 729 1044 nihil
759 1013 847 1044 dixit.
887 1013 924 1044 ef.
956 1024 1000 1044 or.
1029 1012 1074 1043 IX
1099 1013 1133 1054 2,
1164 1013 1204 1043 73
1235 1014 1267 1044 et
1297 1012 1376 1045 Aen.
1405 1013 1421 1044 I
1449 1013 1513 1044 242

235 1066 290 1105 (cf.
316 1066 490 1098 Kettnerus
517 1067 599 1098 stud.
624 1066 761 1098 Varron.
785 1079 815 1108 p.
844 1067 912 1108 19),
938 1078 982 1097 or.
1007 1066 1053 1097 IX
1079 1066 1111 1106 2,
1137 1066 1179 1097 74
1203 1066 1333 1098 ‘Graeci
1358 1078 1432 1099 vero
1453 1092 1460 1099 .
1480 1092 1487 1098 .
1507 1090 1514 1098 .

233 1119 351 1151 dietos’
376 1122 408 1151 et
433 1120 511 1151 Aen.
535 1120 549 1151 I
576 1121 653 1161 624,
683 1132 727 1152 or.
752 1120 798 1151 IX
822 1122 855 1161 2,
888 1121 949 1151 106
975 1123 1007 1152 et
1031 1120 1110 1151 Aen.
1135 1119 1214 1151 VIII
1240 1120 1317 1161 6563
1347 1132 1391 1152 or.
1415 1120 1460 1151 IX
1485 1120 1514 1161 3,

233 1174 274 1205 22
301 1176 332 1205 et
355 1174 435 1205 Aen.
461 1173 489 1204 X
515 1174 594 1214 3703
619 1186 663 1206 or.
688 1174 734 1205 XI
763 1175 793 1214 1,
818 1175 857 1205 61
885 1176 917 1205 εὴ
941 1173 1021 1205 Aen.
1046 1173 1093 1205 XI
1118 1172 1229 1216 4962);
1254 1185 1298 1205 or.
1322 1173 1368 1205 XI
1396 1175 1426 1215 1,
1448 1174 1510 1205 123

233 1230 264 1258 et
288 1227 368 1258 Aen.
392 1227 440 1258 III
466 1228 521 1268 67,
553 1239 596 1258 01·.
621 1227 685 1259 XII
716 1229 747 1269 7,
779 1228 908 1259 75—78
939 1230 971 1258 et
1000 1227 1080 1258 Aen.
1103 1227 1151 1258 III
1176 1227 1253 1267 246,
1283 1238 1326 1258 or.
1355 1227 1433 1258 XIII
1465 1228 1516 1270 18,

237 1282 256 1311 ι’)
281 1282 313 1311 et
337 1280 417 1312 Aen.
442 1280 491 1311 III
515 1281 577 1312 421
606 1283 637 1312 εὴ
661 1282 741 1322 423,
766 1293 811 1313 or.
836 1281 913 1313 XIV
938 1282 971 1322 6,
995 1282 1038 1312 44
1068 1282 1099 1312 et
1127 1280 1269 1322 Philarg.
1298 1280 1336 1311 ad
1366 1290 1476 1322 georg.
1500 1280 1515 1311 I

236 1334 314 1375 3093
340 1345 384 1365 or.
408 1334 485 1365 XIV
511 1334 544 1375 8,
576 1335 614 1366 18
640 1337 672 1366 et
696 1334 837 1375 Philarg.
867 1335 906 1365 ad
931 1345 1040 1376 georg.
1064 1333 1112 1365 III
1136 1334 1214 1374 474,
1244 1344 1288 1365 or.
1312 1333 1389 1365 XIV
1415 1334 1447 1374 8,
1472 1333 1513 1364 38

237 1390 269 1418 et
294 1388 373 1419 Aen.
397 1388 442 1419 XI
468 1388 531 1418 326
558 1386 610 1430 (ef.
636 1388 715 1419 Aen.
740 1388 771 1419 II
799 1387 868 1430 16),
894 1400 938 1419 or.
962 1387 1023 1419 XV
1048 1388 1081 1429 2,
1106 1388 1127 1418 ’5
1148 1398 1192 1428 sq.
1217 1389 1249 1418 et
1273 1387 1353 1418 Aen.
1372 1386 1417 1418 IX
1438 1387 1500 1418 608

234 1453 278 1473 or.
303 1441 365 1473 XV
390 1443 423 1482 2,
448 1442 489 1473 32
514 1444 546 1473 εὴ
570 1442 648 1473 Aen.
673 1442 689 1472 I
714 1443 769 1482 20,
795 1454 840 1473 or.
863 1441 924 1473 XV
949 1442 982 1482 3,
1009 1442 1049 1472 12
1075 1443 1106 1472 et
1131 1441 1211 1472 Aen.
1230 1440 1263 1472 II
1287 1441 1365 1481 464,
1390 1452 1434 1472 or.
1453 1439 1515 1471 XV

237 1496 289 1535 16,
314 1496 333 1525 6
359 1497 390 1526 εὴ
415 1496 495 1527 Aen.
518 1495 533 1526 I
557 1496 635 1537 422,
669 1507 712 1527 or.
737 1496 815 1527 XVI
840 1496 897 1537 20,
929 1496 965 1526 11
994 1497 1026 1526 εὴ
1050 1494 1129 1526 Aen.
1153 1494 1168 1525 I
1193 1495 1269 1536 448,
1297 1505 1341 1525 or.
1366 1493 1461 1525 XVII
1485 1494 1514 1535 6,

234 1549 275 1579 26
305 1551 336 1579 et
365 1548 443 1580 Aen.
468 1549 481 1580 I
509 1549 585 1590 176,
615 1560 659 1580 or.
688 1549 783 1580 XVII
808 1549 841 1590 9,
866 1549 907 1579 29
938 1549 975 1579 de
1005 1548 1168 1579 dictamno
1188 1548 1331 1579 Isidorus
1362 1547 1514 1589 loquitur.

235 1602 361 1633 videtur
386 1602 508 1633 scholio
533 1603 641 1644 aliquo
667 1602 705 1633 ad
731 1602 809 1633 Aen.
834 1602 882 1634 IV
908 1602 963 1643 72,
987 1612 1082 1643 quem
1102 1612 1230 1632 versum
1255 1601 1413 1642 laudavit,
1437 1612 1513 1632 usus

235 1666 313 1686 esse.
351 1656 407 1687 sed
432 1656 470 1686 ad
495 1656 582 1687 hune
611 1656 717 1697 ipsum
743 1667 905 1697 perpauca
933 1655 1095 1696 adscripta
1120 1657 1208 1696 sunt,
1236 1655 1330 1696 plura
1353 1654 1391 1685 de
1415 1654 1515 1685 herba

234 1709 289 1740 illa
315 1709 393 1740 Aen.
418 1708 466 1740 III
493 1710 552 1740 171
585 1711 617 1740 et
642 1709 703 1740 XII
729 1710 794 1740 412
823 1709 1044 1750 inveniuntur3
1077 1719 1120 1740 or.
1145 1707 1255 1738 XVIII
1279 1708 1312 1748 2,
1338 1708 1354 1739 7
1381 1709 1412 1738 et
1435 1707 1515 1738 Aen.

234 1762 247 1792 I
275 1762 329 1802 703
359 1773 403 1793 or.
433 1762 509 1793 XIX
539 1763 593 1803 28,
621 1763 640 1793 6
670 1773 750 1803 quae
779 1763 817 1794 de
843 1763 1007 1803 ferrugine
1036 1762 1123 1792 dieta
1152 1763 1227 1792 sunt
1256 1771 1367 1792 eorum
1396 1771 1472 1801 pars
1497 1772 1513 1791 e

234 1814 335 1846 Servii
361 1816 399 1846 ad
426 1815 504 1846 Aen.
530 1815 575 1846 IX
601 1816 665 1847 582
689 1818 745 1846 aut
771 1816 809 1847 ad
839 1826 950 1857 georg.
975 1815 989 1846 I
1014 1816 1078 1846 466
1109 1814 1246 1856 scholio,
1275 1826 1350 1856 pars
1380 1826 1417 1845 ex
1447 1814 1512 1855 ple-

235 1869 325 1900 niore
350 1869 581 1900 commentario
608 1869 647 1900 ad
672 1868 751 1900 Aen.
776 1869 822 1900 XI
849 1869 911 1900 772
937 1868 1060 1900 adscita
1084 1869 1139 1899 est.

324 1921 488 1954 Confiteor
516 1923 601 1954 inter
624 1923 713 1954 locos
743 1933 822 1963 quos
848 1922 943 1953 modo
968 1921 1152 1953 enumeravi
1183 1921 1268 1952 haud
1294 1931 1414 1962 paucos
1445 1931 1513 1952 esse

235 1987 370 2016 quorum
398 1987 589 2007 eonsensum
619 1976 673 2006 alii
698 1976 744 2007 ita
772 1976 889 2006 rectius
915 1976 1071 2016 explicare
1096 1975 1158 2006 sibi
1184 1974 1391 2015 videbuntur,
1415 1976 1451 2005 ut
1474 1973 1512 2005 ad

235 2029 366 2059 eandem
393 2031 424 2059 et
448 2028 607 2060 Isidorum
637 2032 669 2060 et
698 2040 770 2060 eum
801 2029 855 2070 qui
880 2029 1058 2069 pleniorem
1089 2028 1356 2059 eommentarium
1386 2038 1514 2068 compo-

235 2083 301 2113 suit
325 2083 552 2114 amictoritatem
577 2094 610 2114 se
636 2082 814 2123 adplioasse
839 2083 961 2113 dicant:
986 2093 1089 2123 neque
1113 2081 1163 2113 his
1184 2092 1380 2124 magnopere
1405 2080 1513 2112 adver-

309 2234 333 2266 1)
354 2234 476 2259 ceterum
497 2232 620 2259 dubitari
639 2234 733 2266 potest
756 2241 822 2258 num
844 2231 965 2258 Isidorus
985 2233 1014 2257 et
1037 2231 1206 2259 Turonensis
1231 2229 1396 2256 scholiastes
1416 2228 1514 2263 Vergi-

239 2272 343 2299 lianum
363 2273 483 2306 :inquom
506 2272 736 2298 commentarium
758 2272 800 2298 his
821 2272 889 2299 loeis
911 2272 1115 2307 vxsvripserint,
1207 2272 1233 2304 2)
1253 2269 1338 2296 verba.
1357 2277 1428 2302 quac
1449 2271 1514 2295 sunt

239 2313 343 2339 ‘cervix
364 2314 457 2339 autem
478 2320 592 2337 numero
613 2334 618 2339 .
636 2333 640 2338 .
658 2334 662 2339 .
684 2313 780 2345 frange
802 2312 936 2339 eervices'
959 2311 1054 2338 Servio
1073 2312 1107 2338 ad
1130 2312 1195 2337 Aen.
1217 2310 1240 2336 lI
1261 2311 1323 2341 707,
1349 2317 1429 2342 quem
1455 2308 1512 2336 diff.

238 2353 311 2380 verb.
335 2357 383 2379 11⁸
405 2352 564 2386 exscripsit,
589 2352 673 2378 debet
695 2352 822 2378 lsidorus.
