1690 2611
251 135 339 162 XLVI
781 135 994 162 PRAEFATIO.

252 229 379 259 quoque
403 218 500 249 rebus
525 218 749 259 confirmatur,
774 218 875 249 veluti
900 217 1028 259 aequali
1053 217 1212 248 sermonis
1233 219 1357 259 tenore,
1381 219 1531 252 consilio-

252 283 322 302 rum
347 271 537 312 stabilitate,
563 271 799 312 expositionum
825 272 863 303 ad
884 271 1131 313 grammaticam
1151 272 1266 312 artem,
1292 271 1332 303 ad
1350 272 1533 315 historiam,

252 325 291 355 ad
321 324 567 366 philosophiam
594 325 827 366 pertinentium
857 325 1085 366 amplitudine,
1117 335 1198 366 quae
1230 325 1257 356 si
1287 336 1353 356 non
1381 327 1530 358 omnibus

252 380 285 409 at
311 379 421 410 multis
446 381 532 410 certe
551 379 631 410 locis
656 381 748 410 tanta
777 381 839 420 est,
869 382 905 410 ut
930 379 1087 420 ampliora
1117 379 1215 410 etiam
1245 378 1369 410 scholia
1397 379 1431 411 in
1460 380 1531 411 bre-

253 432 324 462 vius
350 433 517 463 contracta
543 443 611 463 esse
635 443 674 463 ne
700 432 839 474 cogitari
869 432 998 473 quidem
1027 432 1141 473 possit.
1184 432 1306 463 accedit
1335 433 1420 473 quod
1447 433 1532 464 inter

252 485 452 526 antiquiores
476 486 631 517 brevioris
657 486 882 517 commentarii
913 483 1084 528 codices¹),
1113 485 1260 527 quamvis
1288 485 1423 517 diversis
1452 486 1531 518 locis

253 539 404 580 scriptos,
442 541 552 570 tantus
581 539 746 570 invenitur
775 550 965 580 consensus,
999 541 1139 580 quantus
1173 539 1225 570 vix
1253 541 1365 581 posset
1392 551 1476 582 esse,
1505 540 1532 571 si

252 592 443 624 Servianum
473 604 553 633 opus
579 603 631 624 eas
660 604 740 634 quas
771 593 857 624 docti
887 593 1015 634 quidam
1045 593 1193 633 homines
1222 593 1397 634 opinantur
1428 595 1533 624 muta-

250 646 356 678 tiones
381 645 563 688 subisset.2)
602 647 682 677 illud
713 648 821 678 tamen
845 657 910 677 non
934 657 1034 688 nego,
1063 646 1148 687 quod
1171 647 1206 677 in
1233 646 1319 678 libro
1349 647 1389 678 ad
1419 647 1532 678 docen-

250 700 332 731 tium
357 700 614 741 discentiumque
639 700 745 731 studia
764 711 822 740 per
837 700 971 741 longum
986 702 1115 741 tempus
1131 700 1277 731 adhibito
1294 702 1391 741 atque
1410 700 1531 732 totiens

251 753 412 794 descripto
437 754 592 785 facillime
622 754 690 784 fieri
719 754 864 794 potuisse
894 765 988 785 nemo
1012 753 1159 795 negabit,
1190 755 1226 785 ut
1255 756 1311 785 aut
1339 754 1531 785 adderentur

252 807 410 848 quaedam
434 809 490 838 aut
514 807 741 838 omitterentur
766 809 821 838 aut
845 805 1198 849 t1·ansfoi·1narentur.3)
1237 818 1335 848 quare
1354 818 1458 848 neque
1484 818 1530 838 se-

251 860 399 891 cludendi
424 872 527 902 neque
553 861 723 902 supplendi
744 860 894 891 remediis
920 860 958 891 ad
987 860 1220 891 emendandum
1245 860 1348 892 Servii
1372 872 1531 893 commen-

253 914 370 945 tarium
396 925 503 946 carere
527 915 662 956 poteris,
692 916 789 955 atque
813 914 852 945 de
881 914 1084 956 singulorum
1110 914 1281 946 verborum
1305 914 1357 945 vel
1385 914 1530 946 enuntia-

249 969 356 998 torum
377 968 476 999 etiam
501 968 657 1000 memoria
688 968 825 1000 maiores
856 970 931 999 sunt
956 968 1094 999 fortasse
1123 968 1207 999 inter
1237 967 1409 999 Servianos
1435 979 1531 1009 quam

247 1020 332 1052 inter
357 1021 495 1053 aliorum
521 1024 715 1063 scriptorum
741 1021 865 1052 codices
887 1021 1129 1062 discrepantiae.
1167 1032 1207 1053 ne
1228 1021 1309 1053 illud
1330 1021 1459 1063 quidem
1484 1021 1532 1052 in-

249 1074 344 1115 fitior,
369 1074 578 1107 librariorum
593 1076 711 1107 inertia
735 1086 831 1116 posse
861 1076 1010 1106 effectum
1040 1086 1122 1117 esse,
1151 1077 1186 1106 ut
1210 1086 1310 1107 unum
1336 1077 1368 1107 et
1392 1075 1531 1106 alterum

247 1128 408 1160 scholium
434 1131 540 1160 totum
566 1129 782 1161 intercideret.
820 1129 874 1159 sed
904 1131 979 1160 sunt
1002 1129 1147 1170 profecto
1177 1140 1232 1160 eae
1262 1128 1530 1169 interpolationes

247 1184 279 1212 et
307 1182 440 1214 lacunae
471 1185 502 1214 et
532 1183 713 1223 scripturae
743 1181 948 1213 diversitates
983 1181 1114 1213 levioris
1147 1181 1337 1224 plerumque
1366 1182 1531 1223 momenti,

248 1246 344 1275 quam
374 1238 409 1267 ut
438 1237 614 1278 genuinum
648 1235 872 1266 commentarii
901 1234 1049 1266 habitum
1080 1235 1124 1267 eis
1154 1246 1351 1278 magnopere
1381 1235 1530 1266 immuta-

247 1291 317 1319 tum
337 1300 406 1320 esse
426 1288 556 1331 dicas.4)
593 1300 696 1330 neque
722 1288 806 1329 quod
833 1299 929 1329 supra
952 1287 995 1329 (p.
1016 1288 1154 1332 XXXII)
1180 1289 1259 1331 dixi,
1283 1289 1419 1321 inveniri
1445 1288 1530 1319 inter

342 1445 367 1478 1)
387 1445 495 1479 excipio
516 1446 683 1472 Beruensem
704 1447 769 1477 363,
794 1443 898 1477 qnippe
923 1442 970 1477 qni
995 1444 1226 1471 commentarium
1245 1444 1341 1471 multis
1360 1443 1428 1471 locis
1447 1444 1529 1470 valde

249 1486 424 1511 decurtatum
446 1485 584 1513 exhibeat.
658 1486 686 1519 2)
706 1485 781 1519 quod
800 1483 829 1509 in
849 1483 1099 1517 praestantissimis
1120 1484 1204 1511 etiam
1225 1487 1383 1511 nostrorum
1403 1484 1531 1511 codicum

247 1534 301 1552 non
321 1526 399 1552 nulla
420 1526 524 1552 omissa
544 1528 620 1559 sunt,
640 1525 807 1552 Thomasius
837 1526 874 1558 (p.
897 1526 957 1557 170)
983 1532 1045 1550 cum
1066 1533 1127 1550 eam
1147 1534 1204 1551 rem
1229 1534 1285 1552 non
1308 1526 1367 1551 tam
1391 1525 1426 1551 ab
1445 1524 1529 1551 libra.-

248 1565 353 1592 riorum
373 1566 552 1600 neglegentia
572 1574 655 1600 quam
680 1565 715 1591 ab
736 1563 950 1598 exemplarium,
971 1563 1072 1597 quibus
1092 1564 1121 1590 hi
1146 1564 1200 1599 ipsi
1224 1564 1268 1591 usi
1293 1565 1397 1597 essent,
1423 1564 1529 1590 lacunis

247 1606 429 1640 repetendam
451 1615 510 1633 esse
534 1607 658 1640 putaret,
688 1605 752 1631 inde
772 1604 799 1630 in
820 1603 1025 1637 antiquioribus
1050 1604 1135 1630 etiam
1159 1605 1238 1631 libris
1262 1614 1318 1631 non
1339 1604 1417 1630 nulla
1440 1603 1530 1629 inter-

248 1646 348 1672 cidisse
375 1646 532 1680 suspicatus
562 1648 611 1672 est.
651 1647 681 1672 at
704 1654 766 1671 cum
793 1643 875 1670 multi
900 1643 1041 1677 supersint
1062 1643 1150 1670 Servii
1176 1644 1286 1671 codices
1310 1643 1392 1677 eique
1412 1642 1529 1669 diversis

247 1686 316 1713 locis
336 1686 446 1720 scripti,
472 1689 503 1712 ut
528 1695 561 1712 ex
581 1685 698 1712 diversis
723 1683 928 1718 exemplaribus
948 1683 1067 1709 derivati
1092 1693 1151 1710 esse
1176 1684 1338 1717 videantur,
1362 1682 1385 1709 si
1408 1682 1476 1716 quid
1500 1682 1529 1708 in

246 1727 334 1753 altero
354 1726 446 1759 deest,
467 1735 499 1752 ex
520 1727 608 1753 altero
628 1726 656 1752 id
672 1724 794 1759 suppleri
810 1725 916 1758 potest,
939 1723 1026 1750 veluti
1041 1723 1194 1758 Lipsiensis
1210 1726 1348 1751 corrector
1363 1724 1438 1757 quod
1452 1723 1528 1758 prior

247 1774 342 1791 manus
363 1765 497 1792 omiserat
516 1775 547 1792 ex
567 1765 638 1792 libro
658 1763 833 1791 Monacensis
857 1763 944 1789 simili
963 1763 1080 1789 addidit.
1136 1766 1162 1797 3)
1183 1765 1215 1791 cf.
1237 1773 1321 1799 supra
1339 1773 1365 1798 p.
1383 1764 1407 1790 V
1420 1772 1459 1796 sq.
1481 1764 1528 1790 sed

247 1806 400 1832 cavendum
431 1808 474 1831 est
497 1814 530 1832 ne
555 1806 640 1832 latius
665 1807 761 1839 patere
785 1805 933 1830 videantur
958 1803 1028 1829 haec
1052 1804 1240 1838 corruptionis
1264 1812 1374 1838 genera.
1413 1804 1528 1838 propter

247 1845 428 1872 Thomasium
449 1846 501 1872 hoc
522 1854 635 1878 moneo,
656 1845 704 1879 qui
723 1845 798 1871 haud
819 1852 909 1878 pauca
929 1843 1048 1875 scholia,
1076 1843 1104 1869 in
1124 1843 1224 1877 quibus
1244 1853 1333 1878 neque
1354 1844 1530 1870 desideratur

246 1885 398 1919 quidquam
419 1894 509 1918 neque
530 1885 680 1918 redundat,
701 1886 749 1910 aut
765 1883 876 1910 omissis
896 1883 1059 1910 necessariis
1075 1886 1124 1911 aut
1139 1884 1237 1911 alienis
1254 1884 1378 1911 inmixtis
1399 1886 1530 1918 corrupta

247 1934 306 1951 esse
327 1925 380 1951 sibi
401 1925 548 1959 persuasit.
579 1924 642 1951 vide
663 1934 688 1958 p.
710 1927 759 1950 171
781 1933 840 1958 sqq.
861 1923 948 1950 veluti
969 1923 1106 1951 scholium
1127 1925 1161 1950 ad
1181 1926 1248 1951 Aen.
1262 1925 1273 1950 Ι
1289 1928 1339 1951 359
1356 1923 1528 1959 adscriptum

248 1965 389 1998 integrum
411 1973 470 1991 esse
492 1965 614 1999 negavit,
630 1964 703 1998 quod
726 1964 915 1990 ‘thensauros’
942 1963 1108 1998 scripturam
1134 1973 1150 1990 a
1175 1964 1271 1991 Servio
1295 1963 1449 1998 vituperari
1473 1973 1528 1990 non

247 2005 325 2031 vidit.
360 2005 387 2030 in
408 2005 515 2031 scholio
536 2005 571 2031 ad
592 2006 658 2031 Aen.
680 2004 704 2029 ll
726 2007 775 2030 733
796 2004 880 2030 verba
895 2007 1009 2037 propter
1023 2007 1172 2038 sequentem
1187 2006 1219 2031 de
1235 2005 1436 2039 Corybantibus
1455 2012 1528 2030 oeco-

246 2045 365 2071 nomiam
385 2054 440 2071 non
461 2044 602 2071 intellexit
621 2044 664 2070 his
685 2052 755 2077 quae
781 2044 817 2069 ad
837 2043 1029 2077 insequentem
1057 2053 1166 2071 versum
1191 2045 1326 2071 adnotata
1351 2046 1416 2071 sunt
1441 2043 1527 2078 expli-

247 2085 301 2111 cari
325 2094 379 2111 non
399 2095 458 2111 crum
478 2086 598 2112 utilitate
616 2094 673 2111 mea
692 2085 787 2116 favens
807 2084 903 2117 wrm-i,
923 2093 992 2117 quae
1011 2085 1041 2110 in
1061 2093 1202 2111 numerum
1222 2085 1412 2111 ministrarum
1431 2084 1528 2110 matris

247 2126 324 2151 deum
344 2126 429 2151 relata
450 2129 494 2151 est.
529 2125 565 2151 ad
589 2126 656 2151 Aen.
678 2125 714 2150 VI
735 2127 785 2150 64ss
807 2125 871 2150 ante
892 2125 948 2150 illis
967 2123 1037 2149 nihil
1058 2124 1215 2157 intercidit3
1243 2124 1311 2150 ‘isti’
1334 2123 1408 2150 enim
1433 2123 1526 2149 dicun-

247 2167 292 2191 tur
312 2165 367 2191 Ilus
393 2166 544 2191 Assaracus
569 2165 726 2197 Dardanus,
753 2163 818 2190 ‘illi’
841 2163 952 2197 Tydeus
977 2166 1005 2191 et
1029 2164 1130 2198 reliqui
1156 2173 1225 2198 quos
1245 2165 1329 2198 poeta
1348 2172 1371 2190 v.
1392 2166 1442 2190 479
1467 2172 1525 2196 sqq.

247 2205 483 2232 commemoravit.
518 2206 553 2231 ad
574 2207 642 2232 Aen.
662 2205 699 2230 IV
721 2207 770 2230 179
793 2204 959 2231 Veronensis
976 2204 1113 2239 interpres
1129 2204 1218 2231 Servii
1238 2202 1373 2229 scholium
1394 2202 1525 2236 corrupit,

248 2254 301 2272 non
322 2245 433 2272 Servius
454 2245 591 2272 scholium
612 2246 780 2271 Vsteronense.
814 2244 848 2270 ad
868 2245 935 2272 Aen.
959 2245 965 2270 Ι
988 2247 1039 2271 282
1060 2244 1145 2271 verba
1163 2244 1235 2278 quod
1252 2244 1332 2277 vulgo
1351 2242 1465 2274 wzasorte
1484 2242 1523 2267 cli-

247 2289 311 2312 cmit
331 2294 386 2312 non
407 2285 510 2311 debent
534 2286 650 2319 proptr-r
675 2284 784 2311 relativi
808 2284 981 2318 pronominis
1006 2283 1181 2311 iterationem
1207 2284 1237 2309 ut
1260 2282 1353 2308 aliena
1377 2281 1458 2308 abici.
1490 2282 1523 2307 ad

250 2327 314 2352 Λνη,
335 2325 399 2351 VlII
422 2328 469 2351 127
492 2334 544 2351 non
566 2324 647 2351 vida-o
668 2334 715 2350 eur
735 2325 820 2351 voi-ba
839 2328 972 2358 quantum
999 2326 1036 2351 ad
1056 2325 1167 2350 Aenean
1183 2323 1299 2356 pertinet
1323 2321 1423 2348 Graeci
1441 2329 1526 2354 neque

247 2366 311 2391 boni
331 2374 413 2399 neque
432 2366 552 2391 meliores
570 2368 633 2391 ειιιιι
654 2365 837 2391 secluduntur,
938 2366 964 2397 i)
987 2363 1072 2390 veluti
1091 2361 1255 2389 Thomasius
1276 2370 1330 2388 non
1350 2361 1434 2388 nullis
1455 2361 1524 2388 locis
