1690 2611
478 123 589 149 OOMM.
609 122 648 148 ΙΝ
667 122 773 148 VERG.
794 122 877 149 AEN.
898 122 917 148 Ι,
938 125 1067 149 95—100.
1371 122 1413 152 49

108 239 112 244 ,
226 205 277 236 97.
311 213 444 236 TYDIDE
472 204 638 236 vocativus
669 202 812 235 Graecus
841 204 903 244 est;
935 203 961 233 si
991 203 1074 234 enim
1105 204 1204 235 latine
1234 204 1365 245 diceret,
1397 215 1414 235 o

73 258 75 267 ⁴
137 258 264 300 Tydida
298 258 409 290 debuit
441 269 569 300 ponere.
624 257 732 289 omnia
766 257 850 288 enim
886 258 1114 298 patronymica
1148 268 1228 299 quae
1260 257 1293 288 in
1327 256 1415 288 ‘des'

137 314 254 343 exeunt
287 312 370 353 apud
404 311 535 343 Latinos
568 310 692 352 primae
726 312 800 341 sunt
832 310 1070 350 declinationis,
1103 312 1140 341 ut
1178 322 1314 342 saevus
1352 310 1416 342 ubi

137 365 331 397 Aeacidae
355 365 435 396 telo
461 365 562 396 iacet
586 364 738 395 Hector.
830 363 961 404 Tydides
979 363 1154 401 Diomedes,
1181 364 1275 404 Tydei
1298 367 1325 395 et
1343 363 1416 395 Dei-

134 419 253 460 phyks,
277 418 409 450 Adrasti
431 419 528 459 filiae,
551 418 649 459 filius,
671 418 725 457 qni
748 419 819 457 post
845 419 967 457 captum
990 417 1091 448 Ilimn
1115 417 1157 447 ad
1175 417 1305 448 Italiam
1328 418 1417 458 venit,

136 473 218 512 quod
233 472 358 512 ple-nius
383 473 415 503 in
438 472 500 503 XI.
525 471 601 503 libro
624 471 721 502 habes.
768 471 788 510 ἢ
804 481 835 501 eo
864 473 994 510 tempore
1021 472 1124 501 statua
1154 480 1221 501 eum
1253 471 1284 501 in
1309 472 1417 511 templo

136 526 295 566 Apollinis
313 525 456 566 Delphici
478 527 584 565 staret,
608 525 638 556 ei
662 524 797 564 quadam
816 524 924 555 divina
942 524 985 555 ad
1008 523 1173 564 Corcyram
1195 524 1341 564 mifsravit
1362 525 1416 565 (et)

137 580 203 610 visa
222 582 265 611 est
282 589 386 610 muros
402 578 639 620 Corcyraeormn
658 578 830 617 defendere:
849 588 924 609 nam
943 578 1007 609 eius
1028 578 1264 609 comminatione
1284 578 1418 609 hostibus

136 633 254 674 fuyatis
277 632 410 673 Corcyra
433 632 506 664 bello
530 634 667 672 exempta
691 634 740 663 est.

227 686 278 718 98.
312 699 371 718 NON
390 698 526 717 Porrrsse
552 686 643 726 quasi
669 695 785 725 semper
807 685 943 716 volum-it.
1034 694 1173 716 ANIMAM
1203 693 1296 716 HANG
1327 685 1418 726 quasi

138 751 211 771 cum
236 739 345 771 dolore
371 739 527 770 ‘animam
551 738 660 777 hanc’,
690 749 726 770 ac
755 739 782 770 si
813 739 934 770 diceret
959 738 1121 780 infelicem,
1151 749 1231 780 quae
1262 738 1301 769 ad
1330 738 1418 769 labo-

138 804 206 824 rem
229 794 307 824 nata
331 794 388 824 est.
478 801 689 824 EFFVNDERE
716 792 889 823 secundum
919 803 972 823 eos
1004 792 1058 833 qui
1088 792 1199 823 dicunt
1227 792 1419 833 sanguinem

139 857 208 877 esse
241 846 395 887 animam,
433 848 468 877 ut
501 846 570 887 ipse
604 846 684 877 alibi
717 857 947 886 purpuream
981 846 1101 876 vomit
1138 846 1208 877 ille
1248 846 1420 877 animam.

140 911 216 931 nam
237 900 301 931 alio
322 900 392 931 loco
413 900 550 931 aliorum
576 899 761 940 opinionem
782 899 940 940 sequitur,
965 899 1019 940 qui
1040 898 1150 930 dieunt
1175 899 1326 940 spiritum
1350 910 1420 930 esse

142 953 297 994 animam,
321 953 404 984 unde
429 955 477 984 est
501 955 614 994 atque
639 953 678 983 in
702 955 838 984 ventos
863 952 943 983 vita
967 952 1139 983 recessit.

228 1007 279 1038 99.
313 1015 443 1038 SAEVVS
469 1016 619 1047 magnus,
644 1008 680 1037 ut
703 1006 849 1047 superius
874 1005 1022 1037 diximus.
1069 1006 1114 1037 vel
1135 1006 1239 1045 fortis,
1270 1007 1315 1038 vel
1339 1006 1420 1038 belli—

139 1070 237 1100 cosus,
261 1062 296 1091 nt
317 1062 360 1090 est
382 1062 414 1090 et
440 1070 585 1090 saevum
608 1059 759 1090 Aenean
787 1060 938 1099 aynorit
963 1059 1111 1091 Turnus
1140 1061 1177 1091 ¹in
1206 1061 1330 1091 (minis.
1376 1060 1421 1091 vel

140 1114 285 1144 adversus
308 1113 403 1144 hostes
428 1112 574 1150 ‘saevus'‚
598 1115 626 1144 et
648 1115 692 1144 est
713 1112 860 1152 epitheton
886 1113 928 1143 ad
957 1115 1087 1153 tcmpns;
1118 1124 1189 1144 nam
1219 1115 1421 1154 {nomam-sumn

139 1169 205 1198 erat
226 1167 264 1198 ab
278 1166 383 1197 Aenea
401 1177 523 1198 saevum
538 1166 699 1198 Hectorem
718 1167 787 1197 dici.
821 1169 877 1198 ant
895 1166 1032 1205 ‘saei-215⁹,
1052 1168 1133 1207 quod
1151 1168 1311 1199 adversum
1326 1168 1420 1198 Ante-

140 1231 245 1252 norem
267 1223 296 1251 et
318 1220 455 1251 Aeneam
486 1222 513 1251 et
536 1220 689 1251 Helenum
712 1221 843 1251 sentiens
866 1220 1019 1251 Helenam
1042 1231 1104 1251 non
1122 1222 1299 1260 permiserit
1326 1222 1419 1252 reddi.
1440 1230 1454 1252 ι’

140 1273 222 1316 (aut)
243 1275 307 1305 ideo
327 1272 463 1305 ‘saevus’
483 1273 606 1314 Hector,
630 1274 703 1313 qnia
718 1273 840 1305 Aeneas
858 1274 941 1313 pins.
969 1275 1050 1313 quod
1071 1277 1173 1306 antem
1192 1276 1239 1306 ait
1257 1275 1422 1306 ‘Aeacidae

141 1326 212 1358 telo'
232 1327 297 1358 vzdt
315 1328 466 1358 ostendere
487 1327 650 1366 feliciorem
671 1327 846 1365 Hectorem,
872 1328 922 1358 cui
943 1328 1101 1368 conti-(jerit
1119 1328 1157 1359 ab
1176 1328 1297 1360 Achille
1309 1329 1422 1370 perire7

140 1381 221 1420 qnod
243 1381 305 1420 ipse
328 1381 476 1420 optaverit
498 1381 525 1411 ei
548 1391 736 1421 eonyressus,
755 1381 833 1412 sicut
853 1381 885 1411 in
911 1381 943 1412 V.
962 1381 1124 1421 Neptunus
1150 1382 1258 1413 Veneri
1279 1383 1421 1422 loquitur.

143 1436 174 1464 et
198 1434 278 1464 beno
304 1434 416 1475 elegit,
441 1445 512 1464 cum
537 1433 652 1474 quibus
677 1434 798 1474 perisse
819 1434 979 1475 debuerit3
1004 1435 1073 1476 ipse
1094 1435 1179 1466 enim
1199 1437 1232 1466 et
1252 1436 1345 1467 fortis
1366 1438 1423 1476 est,

143 1488 174 1518 et
193 1487 361 1518 numinum
386 1487 505 1527 proles:
530 1489 617 1518 recte
638 1497 713 1528 ergo
733 1487 784 1518 his
805 1487 963 1529 iungitur,
985 1489 1018 1519 111
1041 1489 1157 1530 quibus
1179 1489 1260 1520 talia
1283 1489 1422 1521 fuerunt.
1443 1503 1456 1519 ·.

234 1541 305 1571 100.
341 1539 529 1571 SARPEDON
555 1542 586 1571 et
609 1540 642 1571 111
666 1540 782 1571 ultima
806 1551 977 1581 possumus
1003 1544 1170 1573 accentum
1194 1553 1313 1583 ponere
1339 1544 1422 1575 etin

146 1594 360 1635 paenultima:
386 1604 460 1624 nam
483 1593 643 1624 Homerus
669 1596 701 1624 et
725 1593 952 1634 ‘Sarpedonis’
977 1595 1150 1626 declinavit
1174 1598 1205 1627 et
1229 1596 1422 1637 ‘Sarpedon—

143 1647 216 1689 tis',
240 1647 322 1679 uude
348 1649 380 1678 et
399 1647 505 1678 varius
530 1649 679 1678 accentus
705 1649 766 1678 est:
792 1646 1019 1688 ‘Sarpedonis'
1045 1649 1129 1679 enim
1150 1650 1424 1690 antepaenultima

146 1714 354 1727 —÷—„.,<

216 1757 246 1780 13
266 1752 445 1787 purpuream]
467 1753 498 1779 A.
515 1753 552 1779 IV
569 1756 618 1779 705
633 1753 642 1786 ΙΙ
658 1756 689 1779 15
711 1752 807 1787 atque]
828 1753 860 1779 A.
876 1753 913 1778 IV
930 1756 979 1779 705
995 1755 1004 1787 ΙΙ
1021 1757 1050 1780 17
1073 1758 1100 1781 et
1120 1755 1245 1789 saevum]
1265 1755 1297 1783 A.
1314 1754 1352 1781 XI
1372 1759 1422 1782 910

216 1854 228 1876 1
246 1851 281 1877 ad
295 1859 318 1878 υ.
330 1853 362 1877 97
374 1851 490 1885 Tydide]
506 1851 650 1878 uocatiuus
665 1859 780 1885 graecus
836 1851 1031 1878 declinationis
1047 1852 1118 1878 sunt.
1138 1852 1163 1878 P
1176 1853 1184 1885 [Ι
1199 1856 1214 1878 4
1231 1853 1368 1887 deipseles
1381 1854 1404 1880 O
1415 1855 1423 1888 gl

145 1890 158 1913 7
180 1887 208 1912 et
226 1887 322 1912 addidi
336 1888 345 1919 ΙΙ
361 1890 393 1912 10
410 1887 446 1912 ad
463 1895 486 1912 v.
503 1889 535 1913 98
550 1887 613 1913 Non
628 1887 763 1921 potuisse]
779 1886 859 1920 quasi
873 1895 980 1920 semper
995 1887 1124 1914 uoluerit.
1153 1887 1313 1923 Effundere]
1330 1898 1423 1916 secun-

145 1922 210 1948 dum
230 1930 275 1947 eos
296 1942 300 1947 .
318 1942 322 1946 .
340 1942 345 1946 .
366 1922 494 1948 animam.
523 1922 590 1948 licet
608 1923 677 1949 alios
697 1922 821 1955 sequitur
841 1922 889 1955 qui
908 1922 1004 1948 dicunt
1024 1945 1028 1949 .
1046 1943 1051 1949 .
1068 1944 1074 1949 .
1094 1924 1215 1951 recessit.
1237 1924 1264 1949 P
1275 1926 1284 1958 ΙΙ
1302 1928 1330 1950 11
1352 1925 1423 1952 hanc

144 1957 214 1983 dixit
234 1957 321 1982 HMz
334 1957 343 1990 ss
358 1957 468 1983 labores
487 1957 556 1983 LM
568 1959 577 1991 ΙΙ
593 1961 624 1984 13
645 1958 687 1992 ut]
709 1959 737 1983 et
754 1958 824 1983 BM
837 1958 846 1990 ΙΙ
862 1961 894 1983 14
914 1958 1032 1984 aliorum
1052 1959 1177 1992 sequitur
1195 1959 1243 1985 ille
1264 1960 1423 1994 opinionem

149 1993 173 2018 L
187 1994 196 2027 Η
212 1994 243 2018 15
264 1995 295 2018 ut
314 1993 357 2018 est
377 1992 445 2018 PM
463 1993 494 2018 ut
513 1994 556 2019 est
573 1993 602 2018 in
621 1994 675 2019 fine
694 1993 787 2026 quarti
805 1993 871 2019 libri
889 1993 915 2019 B
930 1995 939 2027 ΙΙ
955 1997 986 2020 16
1010 1995 1047 2020 ad
1065 2003 1088 2020 v.
1110 1997 1142 2020 99
1164 1994 1281 2030 Saeuus]
1306 2005 1423 2030 magnus

144 2028 188 2054 uel
216 2028 296 2054 fortis
397 2027 512 2053 Turnus.
550 2028 700 2063 Aeacidae]
725 2028 843 2054 Achillis
867 2029 914 2062 qui
938 2029 991 2055 fuit
1013 2029 1085 2056 filius
1111 2031 1197 2056 Aeaei
1221 2031 1344 2064 (aeaeis).
1370 2033 1423 2066 1²1]

148 2063 254 2090 dictum
279 2064 321 2089 est
340 2063 460 2088 BHMl
483 2064 492 2097 ss
516 2066 548 2089 20
573 2064 680 2090 elenam
706 2064 728 2089 G
749 2065 758 2097 11
781 2067 813 2090 21
839 2066 889 2090 aut
912 2065 1010 2091 addidi
1032 2066 1040 2098 ΙΙ
1065 2068 1099 2091 24
1123 2065 1192 2099 legit
1218 2066 1268 2100 011
1292 2070 1324 2093 25
1349 2069 1423 2093 certe

148 2099 170 2125 0
181 2100 190 2132 ΙΙ
204 2102 237 2125 26
258 2100 294 2125 ad
308 2108 331 2125 r.
350 2102 399 2124 100
415 2098 570 2132 Sarpedon]
586 2099 659 2125 Ionis
678 2099 751 2125 filius
772 2120 777 2125 .
794 2119 800 2125 .
816 2120 821 2126 .
842 2099 1003 2133 sanguineo.
1034 2100 1097 2126 huic
1112 2102 1205 2127 autem
1220 2102 1326 2128 nomini
1345 2105 1374 2129 et
1395 2103 1423 2128 in

144 2135 244 2160 ultima
264 2134 372 2168 syllaba
392 2135 420 2159 et
442 2133 471 2159 in
495 2134 667 2167 peneultima
686 2143 831 2168 possumus
852 2136 997 2161 accentum
1016 2144 1131 2169 ponere,
1155 2145 1220 2163 nam
1239 2137 1376 2164 Homerus
1396 2139 1424 2164 et

145 2170 312 2204 Sarpedonis
342 2170 370 2195 et
399 2169 577 2203 Sarpedontis
601 2170 758 2203 (sarpedon)
784 2169 917 2202 declinat,
946 2171 1019 2197 unde
1044 2172 1072 2197 et
1094 2171 1188 2198 uarius
1213 2175 1343 2200 accentus
1368 2174 1421 2205 est;

144 2214 210 2231 nam
239 2205 262 2231 si
286 2205 452 2238 Sarpedonis
476 2205 551 2230 dicas
578 2204 607 2230 in
633 2205 870 2238 antepeneultima
898 2206 963 2239 erit,
992 2206 1015 2232 si
1039 2206 1219 2241 Sarpedontis
1247 2209 1419 2242 peneultima

144 2241 268 2267 habebit.
307 2241 354 2267 sed
373 2240 402 2266 in
421 2240 474 2266 hoc
493 2240 650 2273 usurpauit,
676 2240 842 2274 Sarpedonis
862 2241 1009 2275 (sarpedon
1028 2242 1081 2275 his)
1106 2243 1180 2268 enim
1204 2243 1300 2270 debuit
1319 2244 1418 2276 dicere,

144 2277 176 2302 ut
194 2276 324 2302 Memnon
343 2276 506 2303 Memnonis.
545 2275 658 2310 Simois]
683 2273 784 2302 nomen
805 2296 810 2302 .
827 2297 832 2302 .
849 2296 855 2302 .
875 2276 967 2302 breuis
991 2279 1040 2304 est.
1079 2278 1108 2304 et
1130 2278 1176 2305 hic
1201 2279 1302 2305 flumen
1323 2279 1422 2305 Troiae

146 2348 193 2373 est.
233 2346 378 2382 Correpta]
398 2348 487 2381 rapta.
510 2347 537 2373 P
558 2348 567 2381 ss
590 2349 623 2373 27
644 2346 823 2381 Sarpedonis]
844 2326 1000 2382 sarpedionis
1021 2348 1052 2374 K
1072 2350 1081 2383 ΙΙ
1104 2351 1137 2375 28
1158 2349 1331 2383 sarpedontis
1351 2349 1382 2375 K

200 2395 272 2415 Servii
287 2402 366 2416 comm.
381 2397 445 2416 Tom.
461 2397 479 2416 1.
494 2397 558 2416 Fascl
574 2397 592 2418 Ι.
1198 2398 1210 2420 k

1438 428 1452 451 cx

1441 694 1471 717 10

1442 962 1473 984 15
