1690 2611
469 85 582 113 COMM.
602 85 641 112 IN
659 84 768 112 VERG.
788 84 871 110 AEN.
892 84 939 111 ΙΠ.
959 86 1108 111 439-452.
1359 85 1422 115 421

236 168 310 199 444.
347 177 438 199 FATA
467 176 568 199 CANIT
596 175 781 204 FOLHSQVE
810 175 923 197 Nous
953 175 996 197 ET
1026 176 1162 197 Nonum
1191 175 1336 197 MANDAT
1369 167 1425 197 tri-

148 221 208 252 bus
234 221 337 252 modis
362 222 472 252 futura
496 220 666 262 praedieit:
691 221 746 251 aut
770 230 857 259 voce,
882 220 937 250 aut
956 219 1087 260 scripto,
1113 222 1169 251 aut
1189 220 1300 261 signis,
1324 220 1356 250 id
1378 222 1427 250 est

149 274 341 316 quibusdam
365 274 462 315 notis,
486 275 522 305 ut
544 274 578 305 in
602 273 744 305 obelisco
764 272 886 304 Romae
905 272 1065 304 videmus:
1090 273 1150 313 vel,
1175 275 1211 305 ut
1230 273 1287 304 alii
1307 273 1426 312 dieunt,

115 359 118 363 ,
148 328 235 359 notis
259 327 457 368 litterarum,
486 329 522 358 ut
551 338 608 368 per
635 324 731 358 unam
759 325 904 356 litteram
936 326 1094 367 significet
1118 326 1248 367 aliquid.
1286 326 1317 357 in
1338 326 1426 357 foliis

148 383 256 412 autem
280 381 463 422 palmarum
493 379 646 421 sibyllam
671 379 810 410 seribere
835 379 938 410 solere
961 380 1102 410 testatur
1126 379 1240 410 Varro.
1330 392 1425 411 fomis
1443 387 1454 407 ι’

143 435 275 474 palmae.
367 447 458 466 son-{s
480 435 605 465 litteras.
696 445 806 464 Nonum
830 433 928 463 verba.

236 487 310 519 445.
349 496 504 519 CARMINA
528 495 634 519 VIRGO
660 486 735 528 quia
759 486 827 517 eius
851 497 1007 527 responsa
1028 486 1172 517 versibus
1194 486 1427 517 scribebantur.

151 540 267 582 ‘virgo'
292 551 368 572 vero
392 540 577 572 Phemonoe
602 541 687 572 dicta
711 542 774 571 est:
797 551 872 571 nam
897 539 1016 581 sibylla
1040 539 1274 580 appellati-vum
1299 541 1347 570 est
1371 551 1426 570 110-

148 606 230 634 men,
255 594 333 625 adeo
358 596 394 625 ut
417 593 523 625 Varro
547 595 627 635 quot
651 593 788 634 sibyllae
812 593 935 624 fuerint
959 593 1136 634 scripserit.
1175 592 1295 633 sibylla
1319 594 1427 623 autem

149 648 267 679 dicitur
291 647 395 679 omnis
419 647 537 688 puella,
562 647 651 678 cuius
676 649 788 688 peetus
812 658 931 677 numen
955 646 1082 688 recipit:
1106 657 1183 677 nam
1204 646 1311 677 Aeolii
1332 643 1426 683 σιοὺς

148 701 258 732 dicunt
286 701 374 741 deos,
402 698 507 741 βουλὴ
538 703 646 731 autem
675 702 724 731 est
754 700 927 731 sententia:
957 710 1034 741 ergo
1064 700 1200 741 sibyllas
1230 699 1321 740 quasi
1351 699 1426 730 σιοῦ

147 751 272 794 βουλὰς
301 754 459 784 dixerunt.
505 754 578 785 inde
607 755 656 785 est
680 753 747 793 <Vl
775 753 835 793 11>
865 763 1043 794 magnam
1073 753 1132 784 eui
1157 755 1322 784 mentem
1346 752 1426 783 ani-

148 818 324 848 mumque
343 806 478 838 Delius
504 807 673 848 inspirat
697 809 816 838 vates.
855 817 930 837 sane
956 806 1119 837 sciendum
1143 806 1252 837 omnia
1271 816 1428 846 responsa

148 860 285 901 sibyllae
309 861 380 901 plus
406 861 552 892 minusve
578 863 706 892 centum
731 859 887 891 contineri
913 859 1127 890 sermonibus:
1152 859 1234 890 unde
1258 858 1426 899 Vergilius

148 913 195 944 ait
217 913 284 953 <V1
307 914 372 953 43>
402 925 474 955 quo
504 914 575 945 lati
604 914 749 945 ducunt
777 913 906 944 aditus
936 915 1100 953 centum,
1128 912 1231 944 ostia
1261 914 1426 953 eentum,

151 966 246 998 unde
270 970 389 998 ruunt
413 967 577 998 totidem
602 977 728 1007 voces,
752 977 938 1007 responsa
963 965 1139 1006 sibyllae.

236 1020 309 1051 446.
347 1029 491 1052 DIGERIT
524 1020 666 1060 ordinat,
694 1019 843 1060 disponit.
935 1032 967 1050 m*
987 1032 1135 1051 ,munem-M
1156 1020 1190 1050 rin
1213 1020 1366 1059 ordinem,
1396 1022 1428 1049 uc

148 1074 336 1105 continuatio
365 1070 538 1105 carminum
562 1074 634 1114 fiat,
662 1074 742 1104 wolde
764 1075 807 1104 est
830 1083 1000 1103 numeros
1023 1073 1173 1103 memini
1195 1073 1227 1104 si
1250 1073 1356 1103 verba
1381 1075 1426 1104 tc-

148 1136 273 1158 norem.
365 1135 516 1158 SECLVSA
541 1138 599 1168 pro
625 1126 786 1158 ‘inclusa':
810 1126 1009 1167 praepositio
1034 1137 1091 1166 pro
1116 1126 1367 1167 praepositione,

236 1180 310 1210 448.
347 1188 459 1211 VERSO
485 1188 637 1211 CARDINE
663 1175 776 1220 aperta
799 1179 905 1220 ianua,
929 1190 986 1220 per
1010 1179 1222 1220 periphrasin.

236 1233 310 1264 449.
349 1242 523 1264 TVRBAVIT
548 1242 654 1264 IANVA
678 1241 839 1264 FRONDES
864 1243 928 1263 11011
947 1232 1051 1273 ianua,
1076 1233 1130 1263 sed
1151 1234 1275 1273 ventus,
1297 1233 1351 1273 qui
1372 1244 1427 1274 per

149 1286 283 1318 ianuam
305 1286 493 1328 ingreditur.

239 1340 313 1371 450.
350 1352 499 1375 mmmmm
514 1350 573 1379 pro
598 1339 692 1370 ε1101ῑῖ

236 1394 310 1424 451.
348 1406 432 1424 stri-s
447 1394 616 1432 positiones
630 1396 657 1424 ot
671 1394 800 1424 ordines.
834 1393 910 1423 alibi
926 1392 1009 1423 ‘situ'
1024 1395 1229 1433 retitstctz‘e,'ut
1244 1392 1328 1433 <VH
1340 1394 1426 1433 452>

151 1457 192 1478 cn
215 1457 273 1487 eqo
297 1447 393 1478 victa
415 1447 499 1477 situ.
546 1447 621 1477 alibi
643 1447 784 1486 squalore
808 1446 876 1486 <VI
896 1446 981 1485 462>
1000 1456 1068 1485 per
1092 1446 1170 1477 loca
1193 1448 1296 1477 senta
1319 1447 1403 1478 situ.

236 1500 310 1531 452.
348 1508 557 1531 INCONSVLTI
586 1500 681 1530 inscii
710 1511 830 1540 rerum,
859 1499 978 1540 ignari,
1008 1499 1075 1530 siue
1106 1499 1249 1531 consilio.
1297 1502 1329 1530 et
1354 1511 1426 1531 eon-

150 1553 255 1584 sultus
281 1555 329 1584 est
353 1553 407 1594 qui
431 1553 622 1593 consulitur,
646 1553 848 1584 inconsultus
873 1553 928 1594 qui
951 1564 1016 1583 non
1041 1553 1157 1593 accipit
1182 1553 1360 1584 eonsilium.

223 1663 238 1685 8
257 1658 336 1692 virgo
356 1666 421 1684 vero
442 1677 448 1684 .
470 1679 475 1684 .
497 1679 502 1684 .
523 1659 585 1684 σιοῦ
606 1656 708 1694 βουλὰς
727 1658 869 1692 dixerunt]
890 1666 973 1684 exscr.
994 1659 1132 1692 mythogr.
1155 1658 1226 1684 1187
1251 1659 1259 1691 ΙΙ
1285 1661 1315 1684 18
1332 1668 1426 1685 nume-

155 1695 209 1728 ros]
228 1694 291 1721 buc.
311 1694 349 1719 IX
367 1695 472 1727 451127
494 1694 635 1720 consultus
656 1715 661 1720 .
678 1715 683 1720 .
701 1715 706 1720 .
727 1693 886 1728 consilium]
907 1702 992 1720 esser.
1014 1694 1076 1720 lsid.
1098 1703 1135 1720 or.
1161 1694 1185 1719 X
1204 1697 1246 1720 39.
1285 1694 1317 1720 cf.
1343 1695 1425 1728 gloss,

153 1730 292 1764 Sangerm.
315 1738 357 1763 ap.
377 1729 501 1756 Hildebr.
521 1738 548 1763 p.
570 1733 603 1755 75

153 1829 175 1860 (I
195 1829 257 1860 431)
278 1828 399 1854 ‘exercet
423 1827 473 1853 sub
498 1827 554 1854 sole
582 1827 671 1853 labor'
693 1828 756 1854 add.
778 1827 932 1860 Stephanus
951 1830 975 1854 et
994 1827 1145 1853 Fabricius
1167 1829 1176 1860 Η
1200 1831 1215 1853 2
1235 1828 1329 1854 futura
1348 1837 1426 1862 prae-

151 1863 231 1897 dicit]
257 1863 297 1889 ait
319 1863 414 1889 futura
433 1863 577 1896 praedicta
595 1863 625 1888 F
650 1864 659 1896 ΙΙ
687 1862 802 1897 scripto]
824 1863 961 1895 scriptura
981 1863 1054 1889 1³60
1082 1863 1185 1896 scripto
1205 1872 1237 1889 ei·
1257 1863 1362 1897 scriptu
1384 1864 1425 1889 M.

152 1898 296 1932 praedicta
315 1899 377 1924 add.
398 1898 427 1923 F
444 1899 452 1931 ΙΙ
471 1902 486 1923 3
506 1898 635 1924 obeliscis
655 1898 685 1923 F
711 1898 848 1924 oboliscos
870 1898 892 1924 C
919 1899 1043 1925 obelisco
1063 1899 1088 1924 L
1114 1898 1232 1925 ‘obiliseo
1254 1899 1318 1924 IIE
1335 1901 1344 1932 Η
1366 1908 1425 1925 oro-

150 1942 211 1959 mae
232 1934 254 1960 C
273 1935 282 1966 ΙΙ
305 1937 320 1959 5
341 1934 376 1959 acl
395 1933 470 1959 foliis
489 1942 563 1966 supr.
585 1942 650 1959 rurs
671 1934 778 1960 scilicet
796 1934 953 1967 palmarum
976 1934 1001 1959 T
1016 1936 1024 1967 ΙΙ
1047 1937 1060 1960 7
1081 1944 1162 1960 vum)
1182 1944 1231 1960 om.
1252 1935 1315 1960 LII
1333 1936 1342 1967 Η
1361 1935 1425 1960 seri-

152 1971 253 1995 bantur
272 1969 331 1994 FL
351 1969 554 2001 (scribebantur
573 1969 591 2000 l)
606 1970 644 2002 118
664 1969 774 1995 foemon
794 1969 819 1994 L
839 1969 995 2000 (foemonoe
1016 1971 1034 2001 I)
1055 1969 1144 1995 femor
1163 1969 1221 1996 Noe
1242 1970 1273 1995 II
1302 1970 1425 1996 seimonu

152 2005 181 2030 E
204 2005 343 2037 (femonoe
363 2005 385 2035 e)
400 2005 438 2037 {19
459 2004 533 2037 quod
553 2004 582 2029 H
595 2005 604 2037 ΙΙ
622 2008 652 2030 10
672 2005 778 2037 recepit
797 2005 822 2030 L
837 2005 845 2038 ΙΙ
859 2005 915 2031 aeli
935 2005 960 2030 L
981 2004 1067 2038 (aelii)
1087 2005 1180 2031 aeoles
1200 2005 1229 2030 E
1241 2007 1250 2038 ΙΙ
1265 2005 1318 2031 sios
1339 2006 1369 2031 F
1375 2005 1425 2031 C]

152 2040 207 2066 sius
228 2040 260 2065 H
285 2048 342 2065 zios
362 2040 391 2065 E
404 2042 412 2072 ss
428 2042 458 2065 11
479 2039 543 2065 bule
563 2039 661 2065 FLH
682 2040 762 2066 bul-le
784 2040 845 2066 OE
875 2038 974 2070 σιοίς.
1004 2039 1110 2075 βουλη
1130 2044 1299 2066 mmmm-unt
1318 2042 1347 2066 in
1369 2042 1403 2066 U

151 2093 269 2120 nubulas
290 2093 318 2118 Ι
346 2092 468 2118 siubulas
485 2092 545 2118 CH
571 2092 613 2118 zio
616 2084 708 2118 sabula
723 2093 749 2118 L
770 2085 836 2125 (zioS
856 2094 865 2118 l
885 2093 914 2118 in
935 2094 998 2124 ios.)
1019 2093 1157 2119 ziosbulas
1176 2094 1246 2119 HE
1259 2095 1267 2127 ΙΙ
1284 2097 1315 2119 14
1335 2094 1425 2119 miuus

151 2128 209 2155 FC
234 2128 324 2154 minus
342 2128 388 2162 (NJ
412 2128 437 2153 L
461 2128 542 2161 (dune
561 2128 665 2153 litterae
684 2130 785 2160 erasae)
800 2130 809 2161 Η
825 2132 855 2154 15
876 2129 950 2161 qnod
970 2128 1051 2154 latini
1070 2128 1167 2155 dicunt
1182 2129 1238 2155 FC
1250 2130 1259 2162 Η
1274 2130 1382 2155 hostiae
1399 2129 1428 2154 1⁸

151 2163 244 2190 hostia.
262 2164 327 2189 HE
340 2165 348 2196 ΙΙ
368 2164 478 2189 eentum
498 2172 547 2188 om.
569 2163 638 2188 ME
655 2164 664 2196 ΙΙ
685 2167 715 2189 17
736 2164 772 2189 (ul
791 2164 819 2189 in
838 2173 982 2189 numerum
1000 2172 1075 2197 supr.
1097 2173 1160 2190 vers.
1181 2165 1209 2190 in
1229 2165 1353 2190 ordinem
1377 2165 1400 2189 T

154 2202 185 2225 19
207 2208 319 2225 seems&
339 2221 344 2226 .
363 2221 366 2225 .
385 2219 390 2223 .
410 2198 616 2232 praepositione
636 2207 684 2224 om.
706 2199 735 2224 F
747 2200 755 2231 ΙΙ
771 2202 803 2224 *23
818 2207 868 2232 pro
890 2199 967 2225 ‘non’
988 2200 1100 2232 scripsi:
1119 2209 1222 2233 ponam
1237 2200 1272 2227 F.
1299 2201 1333 2231 Cf.
1350 2200 1422 2225 Sere.

153 2235 190 2260 ad
208 2236 275 2260 Aen.
293 2234 318 2259 II
339 2238 397 2261 670.
427 2235 516 2260 omisit
535 2235 583 2259 hoe
601 2235 730 2260 scholium
746 2234 848 2260 Daniel
861 2235 870 2267 Ι]
885 2237 918 2259 ‘35
939 2236 1018 2260 sentu
1035 2235 1084 2268 Fu
1099 2239 1132 2261 26
1152 2235 1210 2261 sine
1230 2235 1347 2261 consilio
1368 2236 1426 2260 sine

152 2278 284 2303 responso
305 2292 311 2297 .
333 2291 337 2296 .
359 2291 364 2297 .
385 2269 587 2304 adgrediuntur
605 2269 635 2295 F
662 2271 690 2295 et
709 2269 851 2311 consultus
871 2271 914 2295 est
933 2291 938 2296 .
956 2291 960 2296 .
978 2290 983 2295 .
1004 2270 1149 2296 consilium
1169 2272 1291 2297 omittens
1306 2271 1314 2303 Η
1329 2273 1361 2295 27
1381 2279 1423 2297 ac—

153 2305 227 2341 eepit
246 2305 269 2335 G

1448 653 1479 676 10

1448 919 1479 942 15
