1690 2611
502 123 615 151 COMM.
635 124 675 150 IN
693 122 800 150 VERG.
820 123 904 149 AEN.
924 123 970 149 III.
991 118 1139 150 5914607.
1389 120 1454 152 443

273 206 345 238 601.
383 214 614 244 QVASCVMQVE
644 216 706 246 quo
736 206 788 236 eat
815 215 880 235 non
910 205 1046 244 cogitat,
1076 215 1185 235 eorum
1215 203 1455 244 comparatione

182 270 263 300 quae
287 259 379 301 fugit.
470 267 539 291 Hoc
563 267 626 291 SAT
649 267 732 289 ERIT
757 258 877 289 vitasse
902 256 1069 298 Cyclopas.

270 313 343 344 602.
381 325 442 345 selo
470 313 556 344 modo
584 313 733 352 confiteor.
847 320 867 342 E
893 319 1077 342 CLASSIBVS
1103 321 1139 341 ex
1165 310 1326 351 equitibus
1352 311 1456 351 modo,

183 367 219 396 ut
244 367 293 396 est
317 365 402 405 <VII
428 366 513 406 716>
539 367 574 397 et
598 364 757 404 Ortinae
782 364 943 405 classes,
969 364 1001 395 icl
1022 366 1065 394 est
1087 364 1207 403 equites.

270 419 342 450 603.
381 427 536 450 PETIISSE
567 430 663 450 causa
691 418 786 449 metri
817 417 943 449 addidit
967 416 1139 458 syllabam,
1164 419 1199 447 ut
1223 416 1275 456 <II
1301 417 1363 457 25>
1388 428 1454 448 nos

181 472 328 503 abiisse
353 472 431 503 rati
456 474 498 503 et'
516 474 630 503 vento
655 471 819 512 petiisse
844 470 1033 511 Mycenas.

272 525 345 557 604.
384 534 500 556 TANTA
529 534 592 557 EST
623 527 658 556 ut
686 535 751 557 non
780 524 886 564 possit
914 524 1063 555 fortunae
1092 523 1272 563 praesentis
1297 523 1455 563 qualitate

181 578 311 610 molliri.
665 609 668 612 .

269 631 342 663 605.
381 639 550 663 SPARGITE
574 631 635 662 hoc
659 632 707 662 est
731 630 913 661 dilacerate.
956 631 988 661 et
1011 630 1085 669 quia
1108 639 1161 661 nee
1184 629 1312 670 saevius,
1335 640 1387 661 nee
1411 642 1454 660 ee-

181 680 274 716 lerius
297 675 386 716 aliud
406 685 475 724 fieri
491 687 598 724 potest,
622 695 706 715 nova
729 683 889 714 brevitate
914 694 990 714 usus
1016 684 1072 714 est.

271 738 343 769 606.
386 746 550 769 HOMINVM
584 745 737 768 MANIBVS
771 745 924 768 PERnssn
959 745 1100 767 IVVABIT
1135 736 1263 777 oblique
1297 736 1455 777 loquitur:

182 802 257 822 nam
281 791 351 823 vult
375 791 551 831 ostendere,
575 790 741 822 hominum
765 790 848 821 hanc
872 800 936 820 non
960 800 1029 820 esse
1055 789 1287 821 crudelitatem.

271 845 343 876 607.
381 853 499 876 GENVA
528 852 714 875 AMPLEXVS
744 843 869 884 physici
899 843 1009 874 dicunt
1033 854 1102 874 esse
1127 845 1330 874 consecratas
1353 843 1456 873 numi-

182 898 277 929 nibus
303 898 448 938 singulas
474 897 616 938 corporis
641 898 760 937 partes,
784 899 820 928 ut
844 907 955 927 aurem
979 896 1163 937 memoriae,
1187 896 1261 927 hinc
1286 898 1335 927 est
1359 895 1456 937 Cyn-

181 951 297 982 thius
313 962 440 982 aurem
464 951 577 982 vellit
601 953 637 981 et
662 950 874 981 admonuit:
903 950 1045 981 frontem
1070 950 1174 991 genio,
1198 949 1281 980 unde
1306 960 1458 980 veneran-

181 1006 230 1035 tes
255 1005 348 1036 deum
373 1005 536 1046 tangimus
560 1004 715 1035 frontem:
739 1003 903 1034 dexteram
927 1003 1009 1044 fidei,
1034 1003 1117 1034 unde
1141 1003 1236 1043 paulo
1262 1005 1337 1044 post
1348 1004 1456 1043 <611>

181 1060 296 1099 atque
321 1057 486 1089 animum
511 1057 708 1099 praesenti
734 1057 897 1098 pignore
918 1056 1066 1087 firmat:
1090 1066 1196 1097 genua
1210 1055 1458 1096 misericordiae,

182 1111 265 1142 unde
288 1111 366 1142 haec
391 1114 529 1152 tangunt
553 1112 716 1151 rogantes.
762 1120 836 1141 sane
858 1110 935 1141 sieut
957 1110 1129 1149 frequenter
1152 1109 1266 1140 dietum
1291 1112 1341 1150 est,
1365 1111 1457 1141 etiam

179 1163 228 1194 liie
260 1165 428 1195 ostenditur
459 1165 617 1202 subtiliter,
650 1163 806 1195 Anchisen
837 1166 864 1194 et
886 1163 1015 1194 Aenean
1047 1165 1109 1193 tam
1135 1163 1335 1202 pontificatus
1363 1174 1455 1203 quam

179 1217 322 1256 flamonia⁴
345 1218 425 1249 ‘iuris
448 1220 477 1248 et
493 1219 608 1257 peritos
632 1220 660 1249 et
676 1217 836 1257 praesules
857 1216 962 1256 fuisse.
1011 1216 1075 1247 iure
1098 1218 1199 1247 autem
1217 1217 1404 1256 pontificali,
1430 1217 1458 1248 si

180 1270 249 1310 (sicis
271 1270 396 1309 flamini
413 1272 504 1311 pedes
527 1271 571 1302 vel
592 1281 692 1311 yenua
714 1270 824 1310 suisset
846 1270 1013 1310 amplexus,
1036 1279 1105 1300 eum
1128 1269 1280 1300 verberari
1304 1280 1365 1300 non
1390 1270 1456 1301 liee-

181 1323 239 1354 bat.
285 1323 339 1355 hoe
361 1334 393 1355 eo
411 1325 665 1364 praeezpiebatur,
695 1334 732 1354 ne
761 1326 835 1355 esset
863 1323 961 1354 ullum
985 1323 1267 1363 pracpedimentuni
1291 1323 1456 1364 reliyz'onis,

181 1377 343 1416 quominus
375 1378 514 1409 secundis
547 1378 726 1408 numinibus
758 1377 970 1414 rinseroiretur,
1003 1379 1059 1407 aut
1087 1379 1159 1407 esset
1188 1377 1395 1416 inportunitas
1425 1378 1457 1408 in

178 1430 326 1469 profanis
353 1430 426 1461 loeis
454 1430 678 1470 aliquantisper
706 1430 856 1461 morundi.
902 1430 983 1468 quod
1008 1429 1056 1460 liic
1084 1430 1241 1469 diliyeuter
1269 1431 1389 1469 exsequi
1412 1431 1456 1461 ‘oi-

183 1483 270 1513 detur
288 1483 323 1514 de
337 1482 566 1521 Achaemenide,
589 1483 643 1523 qui
660 1486 731 1523 post
748 1493 850 1523 preces
873 1482 993 1513 liabitas
1013 1493 1115 1522 §euna
1138 1483 1306 1523 aniplexus,
1327 1483 1454 1523 yenibus

255 1564 267 1586 1
289 1561 480 1594 Quascumque
501 1582 506 1587 .
528 1583 532 1588 .
554 1582 559 1587 .
580 1561 664 1595 fugit]
690 1560 723 1587 cf.
744 1561 813 1587 Don.
842 1561 877 1587 ad
897 1561 958 1587 Ter.
982 1561 1042 1587 hec.
1064 1561 1102 1587 III
1123 1565 1151 1592 1,
1172 1564 1187 1587 4
1206 1562 1215 1595 ΙΙ
1237 1565 1267 1587 13
1287 1561 1396 1595 physici
1416 1561 1456 1587 di-

182 1597 249 1658 {unt
262 1605 336 1657 xef1q3.
357 1597 390 1631 s.]
411 1598 444 1623 ct'.
464 1597 534 1623 Plin.
555 1596 618 1623 hist.
640 1598 695 1623 nat.
718 1596 754 1622 XI
775 1600 788 1627 ξ
810 1600 861 1623 250
881 1605 919 1630 sq.
941 1596 1004 1622 lsid.
1026 1605 1063 1622 or.
1084 1597 1121 1622 Xl
1144 1601 1165 1630 1,
1186 1598 1242 1630 6711
1259 1600 1291 1622 14
1307 1596 1454 1631 Cynthius]

201 1640 243 1658 uc.

254 1707 268 1729 3
289 1704 326 1729 ud
344 1703 400 1730 scio
420 1712 494 1736 supr.
515 1712 580 1729 vers.
602 1703 734 1729 confiteor
756 1703 779 1728 T
797 1704 805 1736 ΙΙ
829 1703 967 1736 equitibus
987 1712 1019 1728 ee
1039 1703 1218 1736 sequentibus
1238 1703 1263 1728 L
1292 1703 1456 1736 equentibus

182 1738 235 1771 ΗΙΙ
249 1742 265 1764 4
285 1740 399 1772 ortynae
416 1739 485 1764 FM
498 1740 507 1772 ΙΙ
522 1739 558 1764 acl
578 1739 709 1765 classibus
728 1747 802 1772 supr.
823 1747 888 1764 vers.
910 1738 1049 1771 equitibus
1067 1739 1092 1764 T
1104 1740 1113 1771 ΙΙ
1127 1742 1142 1764 5
1162 1747 1212 1764 nos
1232 1746 1280 1764 om.
1298 1738 1327 1764 F
1343 1747 1398 1764 non
1414 1738 1437 1764 C
1456 1766 1457 1771 ¹

184 1776 212 1799 ct
232 1795 236 1800 .
259 1796 263 1800 .
286 1796 290 1800 .
311 1774 440 1807 Mycenas
460 1782 510 1800 om.
532 1774 656 1800 FOLH
673 1775 682 1807 ΙΙ
703 1777 716 1800 7
737 1774 782 1800 uel
801 1773 929 1800 fortunae
949 1774 1021 1799 HM
1035 1776 1043 1807 ΙΙ
1063 1777 1077 1799 9
1098 1775 1134 1800 acl
1153 1774 1276 1808 spargite
1296 1782 1370 1807 supr.
1392 1782 1457 1800 vers.

185 1809 345 1842 dilacerate,
364 1811 395 1835 in
414 1818 498 1843 maru.
518 1817 568 1835 nec
588 1810 725 1835 crudelius
745 1818 796 1836 nec
816 1809 931 1835 celerius
951 1809 1026 1835 aliud
1046 1811 1138 1843 potest
1157 1809 1216 1835 fieri
1230 1810 1293 1835 ideo
1308 1817 1382 1835 noua
1396 1809 1455 1835 bre-

183 1844 271 1870 nitate
293 1845 380 1870 utitur
397 1845 421 1870 T
434 1846 443 1878 ΙΙ
459 1848 490 1870 10
506 1854 571 1870 usus
591 1845 644 1879 est]
664 1846 696 1870 ut
714 1844 983 1879 intelligaturssprius
1002 1844 1194 1870 dilaniandum
1213 1853 1277 1871 mox
1295 1845 1458 1878 inspargen-

185 1880 251 1905 dum
271 1880 371 1913 pelago
392 1881 454 1906 aad.
476 1881 503 1905 1)
517 1882 526 1912 ΙΙ
548 1884 576 1905 11
598 1889 703 1906 PEMSSE
724 1880 787 1905 OM
800 1881 808 1913 [Ι
830 1884 860 1906 16
881 1880 1006 1906 dextram
1028 1880 1104 1913 CF„
1125 1884 1156 1906 18
1177 1881 1319 1914 rogantes]
1339 1882 1371 1906 ut
1390 1879 1458 1906 alibi

186 1915 220 1946 (X
236 1916 299 1945 523)
321 1915 423 1949 ‘genua
442 1916 613 1948 amplectens
633 1916 662 1941 et
680 1916 753 1941 fatur
772 1917 830 1948 (sie)
849 1915 919 1942 talia
939 1916 1064 1949 supplex¹
1087 1917 1150 1942 add.
1166 1916 1246 1942 Liou.
1262 1917 1271 1949 11
1285 1924 1349 1942 sane
1371 1917 1397 1942 et
1412 1916 1457 1942 hic

189 1950 374 1977 ostenditur..
388 1951 522 1984 .spargite
543 1959 585 1976 ine
605 1950 634 1976 in
653 1951 751 1976 fluctus
771 1952 878 1984 (11444,
892 1952 934 1983 13)
953 1952 1013 1977 hab.
1034 1952 1157 1977 Ambros.
1177 1952 1186 1984 ἱΙ
1212 1955 1243 1977 19
1264 1952 1300 1977 cul
1319 1960 1385 1977 vers.
1406 1954 1456 1977 607

184 1986 229 2011 hic
249 1985 389 2019 suptiliter
408 1986 564 2012 ostenditur
583 1994 698 2011 aeneam
718 1987 746 2012 et
765 1986 913 2013 anchisen.
931 2008 936 2013 .
953 1987 1125 2013 ,firmaretur
1143 1986 1241 2012 ueniae
1261 1995 1407 2013 concessae
1427 1988 1458 2012 ut

184 2021 244 2054 ipse
273 2022 353 2054 pater
381 2021 505 2047 dextram
534 2021 562 2047 et
589 2022 681 2047 cetera
704 2021 768 2047 hinc
792 2022 939 2047 aestimare
962 2030 1108 2055 possumus
1131 2022 1221 2055 magis
1246 2031 1307 2048 culn
1332 2021 1457 2047 timuisse

186 2056 314 2082 uerbera.
327 2078 332 2082 .
345 2056 503 2082 ,formidine
522 2056 604 2082 fatur.
641 2065 729 2089 neque
750 2056 822 2082 enini
844 2057 1019 2090 oportebat..
1033 2058 1138 2090 ,posset
1157 2057 1302 2083 admittere
1321 2057 1348 2082 in
1366 2057 1457 2090 ipsum

188 2091 382 2117 achimeniden
405 2092 448 2124 ΤΗ
462 2093 532 2117 tam.
545 2113 550 2117 .
562 2113 568 2117 .
580 2091 659 2125 iuris]
680 2092 857 2124 pontificatus
877 2093 905 2117 et
924 2092 1039 2118 flaminii
1059 2092 1125 2117 iuris
1147 2093 1171 2117 T
1183 2094 1192 2125 ΙΙ
1206 2092 1374 2126 pontificalis
1393 2095 1457 2118 Am—

184 2127 252 2153 bros.
268 2128 277 2160 ss
298 2130 331 2152 20
351 2126 467 2153 flaminii
486 2127 588 2160 11119011
604 2130 634 2152 21
656 2135 747 2159 genua
766 2127 810 2152 uel
830 2127 914 2160 pedes
934 2128 1056 2154 Ambros.
1072 2128 1081 2160 ΙΙ
1095 2127 1179 2160 pedes
1199 2128 1341 2161 amplexus
1360 2128 1457 2153 fuisset

187 2162 230 2187 uel
249 2171 341 2196 genua
363 2163 386 2187 T
407 2164 416 2196 ΙΙ
441 2171 501 2187 eum
522 2170 571 2188 om.
593 2162 715 2188 Ambros.
736 2164 762 2190 et⁴
778 2162 881 2188 Daniel
904 2164 912 2195 ΙΙ
936 2163 1082 2189 uerberare
1104 2163 1129 2188 T
1150 2165 1158 2196 ΙΙ
1182 2166 1214 2189 22
1235 2163 1457 2197 praecipiebatur

584 2212 615 2229 1111

184 2233 308 2258 Auchros.
333 2235 356 2258 et
376 2233 492 2259 Daniel:
516 2232 713 2266 praecrebatur
733 2232 762 2257 F
783 2232 834 2266 (ipi
852 2241 984 2266 superser.
1004 2234 1061 2260 cml.
1082 2235 1165 2267 man.)
1186 2233 1386 2267 prohibebatur
1407 2233 1431 2258 T
1455 2234 1456 2237 ’

182 2267 411 2301 impedimentum
440 2268 463 2293 T
489 2269 498 2300 ss
526 2271 558 2293 :23
579 2269 628 2294 aut
650 2267 679 2293 in
703 2267 827 2302 profanis
851 2268 919 2294 locis
943 2268 1138 2301 importunitas
1162 2271 1235 2295 esset
1254 2268 1457 2301 aliquantisper

183 2303 311 2329 morandi
334 2303 377 2337 Tu
392 2303 566 2337 oportunitas
582 2303 705 2329 Amores.
720 2303 729 2336 ΙΙ
744 2306 777 2328 ‘24
793 2303 866 2336 quod
886 2303 930 2329 hic
950 2303 1099 2337 diligenter
1118 2305 1228 2331 uidetur
1248 2304 1378 2330 executus
1398 2312 1456 2329 esse

183 2338 310 2372 uirgilius
330 2339 363 2364 de
383 2339 563 2365 achemenide
586 2339 678 2372 Τ1125
698 2338 808 2365 habitas
828 2347 877 2365 om.
900 2339 924 2364 T

1478 690 1508 712 10

1480 957 1511 979 15

1477 1223 1510 1246 20

1476 1490 1509 1512 25
