1690 2611
475 115 587 143 COMM.
608 114 647 141 IN
665 113 773 141 VERG.
792 112 877 140 AEN.
896 112 942 138 ΙΙΙ.
965 114 1112 138 125m134.
1361 108 1424 139 367

152 200 341 233 celeumatis
364 210 440 231 usus
465 200 523 239 est,
546 197 579 228 id
603 198 653 228 est
677 195 883 236 anapaestico
908 193 1056 225 trimetro
1080 192 1351 234 hypercatalecto.
1380 201 1426 221 ce-

152 254 260 286 leuma
284 255 393 285 autem
417 251 509 294 quasi
531 251 752 292 praeceptum:
785 248 868 279 unde
898 246 1072 278 Sallustius
1101 247 1147 278 ait
1174 244 1428 286 inpediebant

154 308 262 339 iussa
285 308 496 338 nautarum.

247 361 319 393 129.
355 371 542 395 ΡκοΑνοερνε
567 368 641 390 sane
665 354 824 397 <proavos'
848 354 1031 395 appellando
1055 352 1262 393 ooynationem
1286 351 1428 383 declarat.

247 414 318 446 130.
356 421 511 445 SVRGENS
535 411 627 452 flans,
650 412 686 441 ut
701 409 808 450 <481>
824 410 860 439 et
883 407 999 438 fando
1024 408 1229 447 surgentes
1254 405 1430 436 demoror
1449 411 1464 433 5

156 470 325 499 austros:
349 468 478 498 econtra
501 476 566 497 non
588 464 670 495 flans
694 473 816 504 ponens
842 464 874 492 et
896 460 1038 492 residens
1063 459 1190 499 dicitur,
1213 461 1249 489 ut
1264 458 1349 498 <VII
1366 458 1429 497 27>

158 533 238 553 cum
263 520 369 552 venti
392 529 553 564 posuere
577 517 775 558 omnisque
799 516 958 556 repente
982 513 1129 544 resedit
1152 512 1282 543 flatus.

249 575 319 606 131.
357 575 400 604 ET
421 580 568 604 TANDEM
592 571 631 602 ad
656 569 848 601 desiderium
871 567 1014 609 pertinet
1037 566 1263 607 navigantum3
1288 575 1363 595 nam
1387 575 1431 594 se-

157 628 266 670 quitur
289 627 384 668 ‘ergo
408 625 520 657 avidus
543 623 678 655 muros'.
814 630 980 653 CVRETVM
1007 620 1040 650 lu·
1070 618 1203 650 Curetes
1233 620 1310 650 sunt
1338 617 1433 658 primi

158 681 299 713 cultores
323 679 446 711 Cretae.
487 678 546 710 alii
570 678 698 709 tradunt
720 676 842 708 Curetes
866 677 893 706 et
916 674 1109 714 Corybantes,
1132 673 1242 703 matris
1265 672 1354 703 deum
1376 671 1431 701 mi-
1453 676 1485 698 10

158 735 284 774 nistros,
316 734 449 765 custodes
471 733 550 764 sieut
571 732 685 763 dietum
708 732 751 761 est
774 729 881 769 <111>
902 728 992 767 pueri
1015 727 1115 764 Iovis,
1148 726 1190 757 ad
1206 726 1365 766 plurimas
1387 734 1434 754 res

158 788 291 819 maximi
313 796 387 818 usus
409 785 582 817 hominibus
605 784 746 815 extitisse.
833 793 1005 813 summme
1029 780 1157 811 ostendit
1174 788 1357 819 prosperam
1379 787 1435 808 na-

158 841 341 881 viyationem
362 840 467 879 fuisse.

251 893 321 925 132.
358 905 432 924 meo
452 904 564 923 „amors
582 904 679 923 nimos
699 891 771 922 ordo
790 891 833 921 est
853 888 977 919 ‘avidus
1000 887 1084 918 urbis
1109 888 1228 926 optatae
1246 894 1350 916 nmros
1374 894 1435 914 mo-

160 946 245 988 lior’,
268 956 330 978 non
354 945 479 977 ‘avidus
502 943 638 976 molior’.
1458 941 1490 964 15

252 1001 322 1032 133.
360 1007 649 1036 PERGAMEAMQVE
684 1006 775 1029 voco
809 1006 942 1037 zeugma
976 1006 994 1026 a
1029 993 1263 1035 superioribus,
1295 991 1357 1022 hoc
1388 991 1438 1021 est

161 1055 283 1086 urbem.
322 1053 430 1094 leyitur
453 1063 527 1084 sane
550 1052 584 1083 'in
608 1051 695 1083 libris
718 1049 952 1089 antiquioribus,
975 1048 1114 1079 Aeneam
1137 1056 1202 1077 vere
1221 1045 1344 1076 Oretum
1368 1045 1438 1074 tem-

157 1110 274 1148 pestate
305 1107 440 1138 delatum
473 1106 571 1137 Iocum
600 1105 728 1135 Troiam
760 1104 882 1134 nomine
910 1102 1096 1142 Pergamum
1130 1099 1337 1140 appellavisse.
1383 1096 1441 1127 alii

161 1162 273 1201 diemzt,
297 1160 483 1201 Peryammn
506 1159 540 1190 in
555 1158 644 1190 Creta
669 1157 822 1189 conditam
845 1166 865 1187 a
881 1155 1029 1186 Troianis
1051 1154 1188 1194 captivis,
1212 1153 1266 1193 qui
1288 1162 1325 1183 ex
1347 1151 1441 1182 classe

73 1217 81 1222 ‘
119 1257 122 1259 -
161 1214 402 1253 Ayamemnonis
421 1213 473 1244 illo
492 1214 580 1244 erant
598 1212 691 1243 delati
705 1211 725 1249 †
743 1210 840 1250 ibique
853 1211 970 1249 putant
983 1208 1121 1239 Aeneam
1140 1207 1300 1247 quendam,
1322 1204 1441 1245 generis
1460 1208 1493 1230 20

162 1270 323 1306 auctorem,
346 1267 370 1298 I
373 1267 413 1298 lio
437 1266 582 1297 rineolumi
605 1275 674 1296 eum
697 1274 729 1295 eo
749 1264 791 1294 ad
808 1272 933 1294 sacrum
947 1261 1104 1301 Apollinis
1123 1260 1257 1299 venisset,
1278 1258 1441 1299 gyravidmn

161 1321 288 1361 hospitis
319 1321 419 1361 filiam
452 1320 573 1359 feeisse;
610 1328 645 1350 ea·
676 1328 738 1357 qua
767 1319 851 1347 ortus
881 1316 981 1346 eodem
1011 1314 1134 1345 nomine
1167 1313 1288 1344 Aeneas
1318 1311 1443 1351 classem

164 1374 406 1414 Ayamemnonis
428 1376 471 1404 est
494 1373 653 1412 adyressus
677 1371 773 1401 bieme
796 1370 967 1409 disiectam,
1000 1368 1048 1398 eui
1076 1378 1106 1398 se
1133 1366 1278 1405 feruutur
1305 1364 1443 1395 iunxisse

163 1427 204 1465 lii,
228 1428 281 1467 qui
296 1426 419 1458 Cretam
441 1427 621 1458 secesserant
643 1425 756 1455 deserto
772 1423 1016 1463 ,·lya?)le722n02ze.·
1042 1421 1121 1452 unde
1146 1420 1208 1450 loeo
1233 1428 1345 1449 nomen
1368 1416 1442 1448 Per-

163 1491 291 1520 yamum
313 1480 352 1511 ab
375 1480 427 1511 illo
451 1479 599 1519 inditum,
627 1478 707 1517 quod
734 1476 897 1507 obtinuisse
920 1475 1081 1506 desertores
1103 1473 1247 1512 feruntur
1272 1472 1360 1503 iuxta
1384 1469 1441 1510 Cy-
1463 1474 1496 1497 ‘25

166 1534 301 1564 doniam.
343 1533 424 1573 quod
443 1535 563 1571 poetam
587 1532 713 1563 latenter
735 1530 872 1570 attiyisse
895 1528 1031 1560 debemus
1055 1527 1194 1566 accipere.
1303 1532 1445 1555 GENTEM

170 1587 329 1618 sociorum
353 1586 610 1625 multitudinem,
634 1582 787 1614 ‘laetam'
813 1584 921 1614 autem
945 1583 1078 1622 propter
1101 1579 1261 1620 Pergama
1285 1577 1445 1608 restituta.

259 1649 331 1680 134.
368 1657 487 1679 AMARE
512 1655 620 1678 Focos
646 1645 803 1676 sacrificia
827 1644 997 1675 celebrare.
1031 1642 1157 1682 quidam
1182 1639 1292 1679 ‘foeos’
1318 1639 1397 1670 lares
1420 1641 1448 1669 et

165 1713 223 1742 per
249 1702 303 1733 hoe
331 1702 487 1733 domicilia
516 1700 650 1731 tradunt.
701 1709 770 1738 erqo
798 1696 911 1736 ‘focos'
936 1707 996 1736 pro
1027 1693 1178 1735 ‘penates'
1203 1693 1316 1733 posuit.
1367 1694 1400 1723 at
1431 1702 1447 1722 e

170 1755 323 1786 contrario
349 1757 473 1795 penates
496 1764 556 1794 pro
583 1753 674 1793 focis,
701 1754 735 1782 ut
758 1751 793 1791 <I
821 1751 904 1791 704>
931 1749 1098 1789 flammis
1122 1747 1267 1778 adolere
1289 1748 1446 1785 penates.
1467 1749 1499 1771 30

243 1882 258 1904 2
279 1877 439 1911 Sallustius]
459 1876 523 1902 hist.
543 1876 642 1909 fragm.
661 1875 715 1901 inc.
736 1877 768 1900 23
784 1874 830 1900 ΚΥ.

244 1989 257 2010 1
278 1983 478 2010 caeleumatico
499 1982 529 2007 F
555 1981 732 2014 caeleymatis
752 1981 784 2006 H
795 1981 804 2013 11
818 1979 847 2005 id
867 1980 910 2005 est
928 1987 977 2004 om.
998 1978 1031 2003 H
1041 1979 1050 2011 11
1064 1978 1154 2003 metro
1174 1976 1239 2002 LH
1254 1976 1390 2008 (trimetro
1406 1976 1424 2006 I)
1448 2000 1449 2003 ,

172 2024 187 2046 5
208 2020 299 2046 flando
318 2019 383 2045 LH
392 2020 402 2052 11
417 2022 431 2044 6
452 2019 481 2044 et
499 2019 594 2043 contra
605 2017 635 2042 F
651 2018 781 2043 eccontra
793 2017 821 2041 H
832 2016 841 2048 11
856 2017 871 2041 8
882 2014 1065 2048 nauigantnm
1081 2021 1129 2038 om.
1144 2011 1172 2037 F
1183 2013 1192 2044 11
1207 2011 1337 2038 auidosL
1351 2012 1360 2044 11
1374 2013 1389 2036 9
1409 2010 1450 2036 hii

173 2057 279 2082 curetes
299 2055 381 2088 primi
400 2053 520 2080 cultores
540 2054 631 2078 cretae
651 2060 710 2078 esse
730 2051 859 2077 dicuntur
880 2050 909 2075 F
925 2051 934 2083 11
961 2053 992 2075 10
1022 2048 1178 2075 coribantes
1199 2047 1229 2072 F
1245 2048 1254 2080 11
1279 2050 1310 2072 1-2
1330 2046 1449 2072 maxime

174 2091 210 2123 F,
230 2091 347 2117 eorreoeit
367 2089 545 2121 fllasvieiusss
560 2091 592 2113 15
612 2088 652 2114 bis
671 2087 770 2113 melior
786 2086 836 2119 Fu
852 2089 883 2112 16
904 2093 1000 2112 Zeuma
1019 2084 1083 2110 libri
1108 2085 1117 2116 11
1142 2085 1173 2109 18
1194 2082 1305 2109 nomine
1326 2082 1361 2113 F,
1381 2090 1448 2107 eorr.

179 2127 282 2152 Daniel
305 2127 314 2159 11
337 2133 500 2159 pergamam
530 2123 560 2149 F
579 2124 588 2156 11
612 2126 646 2148 20
674 2122 768 2148 delati.
797 2121 885 2154 aliqui
908 2121 1010 2155 putant
1028 2119 1063 2145 F.
1084 2119 1240 2144 Schoellius.
1276 2120 1337 2151 post
1356 2117 1450 2149 ibique

175 2163 278 2195 aliquot
303 2161 384 2187 verba
404 2160 571 2186 intercidisse
588 2159 725 2189 videntur,
749 2158 832 2183 veluti
855 2156 1024 2182 manserunt.
1063 2154 1111 2180 alii
1130 2154 1170 2180 vel
1189 2153 1302 2187 quidam
1321 2154 1331 2186 11
1352 2156 1383 2178 21
1405 2160 1450 2177 ve-

175 2197 263 2223 nisset
280 2197 392 2230 scripsi:
411 2195 519 2222 uenisse
539 2195 567 2220 et
587 2194 616 2219 F
632 2195 641 2227 11
666 2197 700 2219 ‘24
719 2193 759 2218 hii
779 2192 809 2218 F
830 2193 838 2224 ΙΙ
861 2195 895 2218 25
914 2191 1034 2217 inditum
1055 2189 1084 2215 F
1110 2189 1253 2215 conditum
1273 2188 1376 2214 Daniel
1390 2187 1450 2219 pri-

175 2240 234 2258 mas
266 2233 275 2265 11
303 2231 455 2265 cydoneam
481 2230 511 2256 F
535 2230 544 2262 11
576 2232 610 2255 26
634 2238 720 2254 nemu
743 2229 858 2261 propter
876 2235 1010 2261 pergama
1033 2225 1163 2251 restituta
1182 2226 1292 2258 gentem
1313 2223 1450 2249 sociorum

176 2267 386 2294 multitudinem
407 2267 436 2292 F
447 2267 456 2299 11
471 2269 504 2292 28
524 2266 560 2292 ad
580 2264 657 2291 focos
675 2272 750 2297 supr.
769 2271 836 2289 vers.
855 2263 969 2296 quidam
988 2261 1156 2294 intellegunt
1174 2260 1203 2286 in
1220 2260 1273 2285 hoc
1293 2259 1355 2284 loco
1376 2258 1451 2282 focos

177 2302 319 2329 domicilia
337 2304 367 2329 et
384 2302 461 2328 focos
480 2301 574 2335 posuit
592 2308 642 2333 pro
661 2298 809 2333 penatibus
828 2298 901 2324 sicut
920 2306 934 2323 e
953 2296 1092 2324 contrario
1111 2296 1226 2330 penates
1246 2302 1296 2328 pro
1316 2293 1384 2319 focis
1407 2292 1430 2317 T

177 2341 210 2364 29
231 2338 363 2371 poenates
383 2337 414 2363 F
425 2338 434 2371 11
449 2337 483 2363 acl
504 2336 534 2362 F
545 2337 554 2368 11
569 2339 602 2362 30
621 2335 754 2369 poenates
774 2333 805 2360 F
815 2334 824 2367 11
839 2333 971 2368 poenates
992 2332 1022 2358 F
