1690 2611
215 138 304 164 XXVI
746 137 963 164 PRAEFATIO.

215 221 324 262 capita
348 220 460 252 XVIII
476 232 544 262 sqq.
568 221 602 251 in
627 231 719 252 suum
744 231 836 251 usum
860 220 1028 261 convertit,
1052 219 1203 260 reliquos,
1227 219 1343 261 quibus
1368 219 1496 261 quidem

215 275 253 305 de
278 274 477 315 Vergilianis
501 274 597 305 rebus
623 274 744 315 agitur,
767 273 933 315 neglexit?
978 273 1100 305 etenim
1124 284 1162 304 ex
1185 273 1238 304 his
1263 273 1438 314 quidquam
1462 274 1497 305 in

215 327 404 359 Danielinos
430 328 555 359 codices
579 327 829 368 transscriptum
849 338 918 358 esse
937 338 1003 358 non
1022 328 1132 368 potest
1151 326 1276 358 idoneis
1297 327 1496 368 argumentis

216 382 356 423 probari.
396 381 434 412 cf.
450 383 572 423 quaest.
589 380 676 412 Serv.
692 393 721 422 p.
736 382 787 412 48.
812 381 950 422 denique
974 382 1011 412 ut
1036 391 1108 411 eum
1133 380 1188 421 qui
1211 380 1388 421 pleniorem
1413 391 1497 412 com-

216 435 410 466 mentarium
440 435 622 476 composuit
651 435 690 466 ab
721 434 833 466 eodem
862 445 925 475 quo
949 433 1151 465 Maerobium
1181 435 1312 465 auctore
1337 444 1395 465 sua
1417 434 1497 474 peti-
1530 469 1532 472 y

216 489 300 520 visse
335 489 591 520 demonstrarem
625 488 710 529 quod
744 488 835 519 illum
870 487 907 518 de
938 488 1037 518 sacris
1067 487 1163 518 rebus
1194 487 1295 518 multo
1324 487 1419 528 plura
1447 498 1498 518 ex-

216 542 414 583 prompsisse
445 542 511 573 dixi
542 553 637 583 quam
662 541 879 579 Macrobium,
904 540 936 572 id
959 540 1077 572 Linkio
1102 540 1224 572 nullius
1248 540 1404 572 momenti
1429 551 1499 572 esse

217 596 322 627 visum
348 599 409 637 est,
445 596 520 637 quia
544 595 634 626 tertii
659 594 920 626 Saturnaliorum
945 595 1021 626 libri
1046 594 1133 626 haud
1159 595 1276 636 exigua
1299 606 1375 636 pars
1399 595 1497 626 inter-

215 649 298 681 ierit.
337 661 401 680 non
426 652 505 690 puto
531 660 593 690 quo
618 651 763 689 tempore
789 648 995 689 quaestiones
1020 647 1190 679 Servianas
1216 648 1402 689 scripserim
1427 659 1497 679 eam

215 715 282 734 rem
313 716 331 735 a
359 715 410 734 me
438 703 622 745 neglectam
653 714 735 734 esse:
773 714 849 733 nam
878 702 973 742 plura
997 702 1143 742 profecto
1157 702 1181 743 ¹)
1208 702 1247 733 ad
1272 713 1344 733 eum
1369 702 1498 742 librum,

216 769 277 799 quo
313 760 349 788 ut
373 757 557 788 Macrobius
592 757 637 788 ita
670 757 825 798 plenioris
861 756 1084 787 commentarii
1118 758 1230 787 auctor
1262 755 1389 787 videtur
1420 765 1497 786 usus

218 822 296 852 esse,
321 813 393 852 apte
418 811 612 851 referuntur,
637 821 731 851 quam
757 811 793 841 ut
816 810 960 840 hiatibus
981 810 1036 850 qui
1055 810 1089 840 in
1108 810 1215 850 prima
1234 811 1266 840 et
1285 808 1391 839 media
1409 808 1498 839 tertii

216 864 476 896 Saturnaliorum
500 864 576 895 libri
600 865 692 904 parte
718 865 802 903 sunt,
826 863 935 894 omnia
958 862 1076 894 hausta
1100 873 1169 894 esse
1193 862 1260 893 veri
1284 861 1390 893 simile
1415 861 1466 892 sit.

305 917 385 949 Cum
410 917 568 949 Macrobii
593 919 626 948 et
645 916 811 948 Danielini
836 916 1101 948 commentatoris
1126 926 1299 947 consensus
1325 915 1365 946 ad
1390 925 1497 946 sacras

214 983 266 1003 res
299 971 504 1012 explicandas
539 972 677 1003 maxime
711 971 887 1012 pertineat,
920 972 1090 1011 utrumque
1125 969 1329 1010 grammatici
1363 969 1497 1000 alicuius

215 1025 441 1056 auctoritatem
466 1027 610 1056 secutum
636 1035 704 1056 esse
729 1024 849 1055 conieci
874 1022 1010 1064 (quaest.
1026 1022 1113 1054 Serv.
1128 1034 1157 1063 p.
1174 1021 1229 1064 52)
1255 1022 1309 1064 qui
1334 1033 1497 1053 sacrarum

214 1090 321 1109 rerum
347 1078 559 1119 antiquitates
585 1090 603 1110 a
627 1078 772 1119 Vergilio
798 1079 1068 1109 commemoratas
1094 1087 1156 1108 uno
1181 1076 1264 1108 libro
1290 1075 1498 1116 comprehen-

214 1132 315 1163 disset
340 1134 372 1163 et
398 1132 599 1172 explicasset.
652 1142 723 1162 eam
749 1131 966 1162 coniecturam
991 1130 1126 1161 Linkius
1151 1142 1180 1171 p.
1206 1130 1246 1161 29
1264 1140 1331 1170 sqq.
1357 1129 1402 1160 sic
1425 1140 1496 1170 pro-

215 1186 320 1226 bavit,
353 1187 389 1216 ut
421 1185 622 1217 Macrobium
652 1186 780 1226 partem
806 1195 936 1216 suorum
966 1196 981 1215 e
1011 1184 1123 1215 libello
1148 1183 1287 1225 quodam
1311 1182 1365 1214 ‘de
1390 1182 1497 1214 verbis

218 1239 318 1270 sacris
344 1239 393 1270 vel
419 1239 650 1270 sacrificalibus
676 1250 695 1269 a
719 1238 867 1279 Vergilio
892 1240 978 1269 recte
1002 1236 1195 1278 usurpatis’,
1220 1238 1346 1277 partem
1370 1247 1386 1267 e
1411 1236 1497 1268 libro

218 1293 327 1334 aliquo
358 1304 421 1333 quo
451 1304 502 1324 res
532 1291 694 1334 (Realien)
720 1291 748 1323 V
752 1292 928 1332 ergilianae
957 1291 1065 1322 nescio
1096 1302 1158 1332 quo
1188 1290 1299 1321 ordine
1329 1292 1497 1321 enarratae

218 1347 364 1386 fuissent,
389 1347 552 1378 derivasse
577 1346 706 1377 diceret.
743 1356 819 1376 nam
844 1345 899 1386 qui
922 1344 1008 1376 hunc
1027 1344 1147 1375 librum
1168 1343 1402 1385 composuisset
1422 1354 1496 1374 eun-

219 1399 292 1431 dem
321 1400 410 1431 tertii
436 1399 693 1431 Saturnaliorum
722 1399 799 1430 libri
828 1399 971 1439 capitum
998 1398 1141 1438 18—20,
1175 1397 1292 1439 quibus
1316 1397 1355 1428 de
1378 1408 1496 1428 nucum

219 1453 379 1484 malorum
404 1454 547 1494 pirorum
572 1454 704 1485 ficorum
730 1453 873 1484 olearum
898 1463 1034 1483 uvarum
1054 1451 1225 1493 generibus
1246 1450 1374 1482 Servius
1394 1451 1497 1492 loqui-

217 1510 279 1548 tur,
304 1510 468 1538 auctorem
492 1507 590 1538 fuisse
616 1507 678 1538 sibi
702 1507 873 1548 persuasit.
924 1505 986 1537 hoc
1010 1506 1118 1547 ipsum
1142 1516 1254 1537 vereor
1278 1507 1315 1536 ut
1339 1505 1418 1536 satis
1443 1504 1497 1535 fir-

216 1561 277 1592 mis
310 1561 511 1602 argumentis
542 1561 716 1602 probatum
748 1560 804 1591 sit:
842 1570 917 1590 nam
948 1559 1153 1600 quaestiones
1183 1558 1257 1589 illae
1283 1558 1320 1589 de
1345 1558 1496 1590 arborum

216 1614 373 1645 fructibus
397 1614 578 1654 institutae,
603 1624 800 1655 quamquam
815 1612 999 1654 Vergiliani
1022 1623 1133 1644 versus
1159 1612 1286 1653 aliquot
1309 1611 1387 1643 locis
1413 1622 1497 1642 com-

215 1670 445 1708 memorantur,
470 1668 510 1699 ad
522 1667 787 1709 Vergilianorum
808 1666 987 1698 carminum
1007 1665 1311 1706 interpretationem
1332 1665 1410 1696 adeo
1431 1676 1494 1696 non

216 1721 392 1762 pertinent,
416 1723 453 1752 ut
476 1732 542 1752 non
566 1721 695 1762 possint
720 1732 736 1752 e
760 1720 843 1751 libro
869 1719 997 1760 qualem
1018 1718 1154 1750 Linkius
1181 1718 1354 1759 descripsit
1373 1718 1494 1758 petitae

216 1785 294 1806 csse.
329 1785 364 1805 ac
381 1786 418 1805 ne
436 1775 517 1805 illud
533 1775 662 1816 quidem
683 1774 849 1815 intellego,
874 1784 929 1804 cur
954 1773 993 1804 ab
1019 1772 1084 1803 alio
1109 1772 1147 1802 de
1172 1771 1288 1812 verbis,
1314 1772 1353 1802 ab
1375 1772 1437 1803 alio
1459 1771 1496 1802 de

217 1829 312 1859 rebus
329 1828 429 1859 sacris
446 1839 465 1859 a
476 1827 622 1869 Vergilio
639 1826 794 1859 adhibitis
811 1826 967 1867 scriptum
983 1837 1053 1856 esse
1068 1827 1228 1866 putemus.
1251 1825 1305 1856 sed
1322 1827 1496 1866 antequam

216 1882 297 1913 alios
327 1882 503 1922 corrigam,
537 1893 643 1913 meum
677 1880 836 1921 quendam
871 1890 1012 1911 errorem
1036 1878 1261 1920 corrigendum
1294 1890 1364 1910 esse
1395 1878 1496 1919 video,

217 1946 279 1976 quo
312 1935 388 1966 libri
419 1935 508 1966 illius
540 1935 767 1975 argumentum
799 1932 895 1964 nimis
927 1932 1049 1973 exiguis
1079 1931 1226 1963 terminis
1256 1932 1334 1963 olim
1364 1932 1496 1963 circum-

220 1989 344 2029 scripsi.
397 1989 515 2020 etenim
547 1999 617 2019 cum
643 1986 901 2018 Saturnaliorum
928 1985 1119 2026 scriptorem
1144 1986 1212 2016 tum
1236 1985 1381 2017 Danielis
1407 1985 1496 2016 scho-

216 2042 334 2073 liastcn
368 2042 454 2073 haud
488 2042 597 2083 paucis
631 2041 711 2073 locis
746 2041 776 2071 id
809 2040 913 2081 egisse
944 2039 1089 2070 videmus
1120 2041 1156 2070 ut
1185 2039 1333 2070 doctrina
1356 2038 1495 2080 Vergilii

219 2107 314 2137 quani
336 2096 465 2127 subtilis
486 2106 646 2136 quamque
668 2094 834 2125 recondita
852 2093 968 2124 fuisset
987 2092 1219 2124 ostenderetur.
1249 2092 1332 2134 quod
1353 2091 1494 2123 studium

216 2149 277 2181 etsi
312 2150 344 2180 in
378 2149 422 2179 eis
449 2149 594 2180 versibus
625 2147 811 2179 enarrandis
842 2146 981 2178 maxime
1006 2146 1148 2177 cernitur
1172 2146 1287 2187 quibus
1321 2144 1494 2186 religiones

217 2203 435 2234 Romanorum
468 2205 563 2242 pocta
595 2202 707 2243 attigit
718 2201 757 2243 ²),
791 2202 899 2232 tamen
924 2200 1021 2231 ctiam
1047 2200 1079 2231 in
1104 2199 1177 2231 aliis
1202 2199 1297 2230 rebus
1323 2198 1420 2230 altius
1445 2208 1494 2229 co-

291 2292 314 2322 l)
336 2289 420 2315 veluti
442 2298 513 2322 quae
533 2289 566 2314 de
587 2288 713 2321 augurali
734 2288 881 2321 disciplina
901 2288 996 2314 multis
1015 2287 1091 2321 locis,
1111 2287 1145 2314 de
1160 2285 1279 2313 flaminis
1295 2286 1323 2312 et
1338 2284 1494 2312 flaminicae

217 2329 393 2356 caerimoniis
413 2329 440 2355 in
461 2329 552 2361 quarti
572 2329 635 2355 libn'
665 2329 864 2355 commentario
885 2327 1012 2362 exposita
1039 2328 1109 2354 sunt.
1228 2327 1255 2359 2)
1281 2325 1314 2351 cf.
1335 2325 1391 2352 Sat.
1412 2325 1449 2351 111
1470 2327 1494 2358 2,

218 2373 231 2396 7
253 2371 281 2395 et
310 2373 353 2402 1(›;
384 2373 412 2401 1,
439 2373 453 2394 Γ,
484 2372 510 2395 et
542 2372 585 2399 l‘¹;
616 2373 639 2401 (3,
672 2372 692 2394 1.
731 2369 766 2394 ad
795 2369 862 2394 Aen.
894 2368 903 2394 1
934 2370 998 2399 305,
1027 2376 1052 2401 p.
1084 2369 1142 2399 112,
1171 2369 1214 2397 13;
1244 2375 1270 2400 p.
1301 2368 1363 2399 117,
1392 2368 1439 2398 263
1468 2374 1495 2399 p.
