1690 2611
686 145 903 171 PRAEFATIO.
1394 145 1431 171 XI

150 227 323 259 sententia:
358 228 438 259 alios
462 228 565 259 iussus
588 227 671 258 illud
694 226 741 258 ita
764 227 985 268 interpretari,
1014 227 1106 268 quasi
1130 229 1301 259 ventorum
1325 227 1432 259 mode-

149 282 235 313 ratio
259 292 326 313 11011
348 284 417 313 tam
442 293 460 313 a
484 280 535 312 dei
560 281 694 312 alicuius
720 280 852 312 libidine
873 291 970 321 quam
991 280 1031 311 ab
1051 281 1127 311 anni
1146 283 1327 322 temporum
1348 292 1431 312 00111-

151 335 387 367 mutationibus
420 335 567 376 pendeat.
614 337 727 366 contra
752 333 911 365 Schoellio
946 334 1001 375 qui
1035 334 1096 365 hoc
1128 334 1285 365 scholium
1321 335 1432 366 eodem

150 389 312 430 pertinere
342 391 451 420 censet
482 399 544 430 quo
568 388 648 419 illud
674 387 759 429 quod
783 388 823 419 ad
847 399 876 419 v.
902 388 941 418 77
967 399 1030 419 uno
1056 387 1242 419 Cassellano
1269 390 1432 419 servatum

151 445 200 474 est
228 444 364 484 spectet,
396 443 433 473 ut
461 442 638 483 explicetur
668 452 724 472 cur
747 440 869 472 Aeolus
899 441 954 482 qui
984 452 1002 472 a
1025 440 1101 472 Iove
1132 444 1301 473 ventorum
1326 444 1433 473 rector

151 496 257 528 factus
287 496 342 537 sit,
375 496 460 527 idem
483 495 599 527 Iunoni
627 495 837 536 obsequatur,
869 505 935 525 non
962 495 1216 535 transpositione
1246 495 1299 526 sed
1330 506 1433 526 emen—

152 550 280 582 datione
310 549 482 581 verborum
508 560 587 590 opus
613 559 683 580 esse
707 548 842 580 videtur.
884 547 964 579 haec
988 548 1088 589 igitur
1113 548 1310 580 scholiasten
1335 549 1433 589 scrip—

152 603 233 635 sisse
266 603 475 644 sagacissime
509 602 647 634 coniecit
679 602 738 634 aliz*
770 603 871 633 iussus
904 602 948 633 ita
980 602 1173 642 intelleyunts
1211 613 1231 633 α
1261 602 1333 633 Iove
1365 613 1433 633 cum

152 656 306 687 iuberetur
330 659 408 690 time,
424 656 478 688 hoc
498 656 627 696 facere&
658 656 729 694 alii,
757 656 832 696 quia
856 655 974 687 Iunoni
1002 655 1122 695 obsequi
1150 666 1211 687 non
1230 658 1344 696 posset,
1370 656 1433 687 ita:

150 709 397 751 administraret,
430 712 466 741 ut
491 710 584 741 etiam
611 710 714 741 iussus
742 712 819 747 erat,
852 710 1017 740 seeundum
1045 710 1229 740 desideriwn
1258 712 1434 749 z‘empormn,

150 762 212 794 hoc
241 765 305 795 est:
334 763 391 795 alii
420 763 532 795 dicunt
555 762 694 794 Aeolum
724 774 742 794 a
766 762 842 794 Iove
872 763 996 794 iussum
1025 764 1139 794 ventos
1164 762 1336 800 moderari,
1368 762 1434 803 alii,

151 818 188 847 ut
216 816 429 858 intellegatur
459 827 522 857 qua
550 827 584 847 re
612 816 727 848 Iunoni
759 817 890 858 roganti
919 817 975 847 ille
1005 816 1177 848 obsecutus
1202 816 1258 856 sit,
1291 818 1435 856 monent,

152 880 225 901 cum
249 870 372 902 Aeolus
396 870 475 902 item
500 870 606 901 iussus
631 870 675 901 sit
698 870 873 902 secundum
897 872 1081 910 temporum
1106 869 1299 901 desiderium
1318 871 1433 901 ventos

151 934 276 965 regere,
299 924 368 955 fieri
392 923 540 965 potuisse
564 925 600 954 ut
625 934 661 954 eo
687 923 816 954 nomine
840 923 973 954 Iunonis
998 923 1158 964 imperata
1182 922 1313 954 faceret.

239 977 288 1009 De
313 977 445 1009 scholiis
479 979 587 1008 autem
616 976 656 1008 ad
686 976 762 1008 mihi
790 980 873 1008 iussa
903 986 1053 1017 capessere
1080 976 1132 1016 fas
1160 979 1204 1008 est
1232 976 1274 1018 (v.
1300 975 1356 1019 77)
1380 977 1433 1007 ad-

152 1031 281 1072 scriptis
320 1031 468 1073 equidem
501 1031 546 1062 sic
579 1031 691 1072 putavi
722 1030 929 1061 iudicandum
963 1041 1046 1061 esse:
1081 1030 1206 1072 vulgati
1240 1030 1432 1071 scriptorem

152 1083 218 1116 ‘fas
244 1084 308 1116 est'
332 1085 413 1116 illud
437 1095 494 1126 per
518 1084 716 1116 contrarium
741 1084 890 1126 intellegi
914 1084 1068 1124 voluisse,
1100 1086 1137 1115 ut
1161 1084 1246 1115 idem
1271 1084 1433 1125 significa-

153 1140 204 1169 ret
228 1138 313 1180 quod
338 1138 445 1170 ‘nefas
470 1140 519 1169 est
542 1137 623 1169 non'
649 1140 681 1169 et
704 1138 776 1179 plus
802 1139 888 1169 esset
908 1149 1005 1179 quam
1025 1136 1147 1178 ‘licet’3
1172 1138 1305 1169 alterius
1326 1139 1433 1169 autem

152 1191 268 1223 scholii
292 1192 376 1234 quod
400 1192 608 1233 transpositis
633 1193 665 1223 et
689 1192 823 1223 mutatis
849 1191 954 1222 verbis
974 1202 1049 1223 nam
1068 1202 1136 1222 cum
1155 1192 1229 1222 dicit
1244 1217 1250 1222 .
1266 1217 1272 1222 .
1288 1217 1293 1222 .
1309 1192 1434 1232 implere

150 1248 309 1286 maeeepta
332 1256 540 1287 recuperasse
564 1245 711 1285 videbar,
739 1245 822 1276 110110
851 1256 920 1276 0330
949 1245 1157 1276 sententiam:
1194 1245 1331 1276 Aeolum
1361 1256 1431 1276 cum

153 1298 363 1339 responderet
387 1299 435 1330 fas
461 1299 524 1330 sibi
548 1310 616 1330 esse
641 1299 729 1330 iussa
753 1309 935 1340 capessere,
964 1309 1029 1330 11011
1053 1298 1085 1330 id
1109 1298 1229 1329 dixisse
1253 1298 1338 1339 quod
1363 1309 1433 1330 sen—

152 1351 242 1394 tiret3
265 1363 341 1383 nam
362 1363 556 1393 quamquam
576 1353 783 1393 promitteret
796 1351 913 1384 Iunoni
928 1363 961 1383 se
977 1352 1205 1383 obsecuturum
1222 1363 1300 1393 0330,
1324 1355 1432 1383 tamen

152 1416 217 1436 11011
240 1405 342 1437 videri
366 1417 439 1437 eum
463 1406 612 1447 ignorare
638 1417 735 1447 quam
759 1406 905 1447 iniquum
931 1408 1016 1437 esset
1040 1405 1125 1446 quod
1149 1405 1207 1436 illa
1232 1408 1365 1446 peteret,
1400 1406 1432 1437 in

153 1458 236 1490 110110
270 1459 463 1490 sententiam
497 1462 533 1491 ut
557 1458 737 1490 Cassellani
771 1459 961 1490 memoriam
994 1459 1217 1499 detorquerem
1251 1461 1283 1489 et
1311 1459 1433 1490 Tiberii

153 1511 275 1544 Donati
303 1513 496 1544 auctoritate
521 1515 553 1543 et
576 1523 614 1543 ea
636 1523 670 1543 re
695 1512 850 1544 adductus
876 1524 946 1544 sum
971 1512 1057 1554 quod
1080 1512 1180 1543 verba
1203 1515 1318 1553 poetae
1343 1512 1432 1544 ‘tuus

153 1576 172 1596 o
205 1566 320 1608 regina
354 1566 429 1607 quid
463 1567 553 1606 optes
581 1565 750 1606 explorare
779 1565 888 1597 labor'
917 1577 936 1597 a
963 1565 1150 1597 Cassellano
1180 1566 1355 1597 scholiasta
1386 1567 1433 1597 ita

153 1622 284 1660 accepta
320 1631 390 1651 esse
421 1619 500 1660 vidi,
533 1622 569 1650 ut
592 1619 712 1650 Aeolus
745 1619 877 1650 Iunonis
912 1631 981 1650 0330
1015 1619 1131 1650 dixerit
1165 1621 1323 1660 statuere,
1354 1631 1432 1650 1111111

155 1683 291 1714 aequum
320 1675 404 1704 esset
434 1673 519 1714 quod
548 1675 680 1713 peteret.
728 1672 908 1704 Schoellius
933 1673 987 1714 qui
1012 1672 1132 1703 ‘iussa'
1159 1672 1262 1704 ‘Iovis
1286 1672 1389 1704 iussa'
1415 1684 1433 1704 a

154 1725 330 1761 scholiasta
358 1726 524 1757 intellecta
555 1737 624 1757 esse
648 1726 729 1757 vidit
753 1726 787 1757 in
812 1725 994 1757 Cassellani
1019 1728 1051 1757 et
1074 1726 1213 1757 Parisini
1236 1726 1432 1757 testimoniis

153 1779 236 1810 nihil
268 1780 334 1811 fere
363 1781 491 1811 mutans
525 1779 570 1810 sic
603 1780 708 1810 locum
742 1780 923 1811 constituit:
957 1780 1058 1820 fiyurcz
1087 1782 1131 1810 est
1160 1779 1269 1821 litotes,
1299 1790 1376 1819 quae
1398 1780 1434 1820 fit

153 1833 416 1873 quotienscumque
443 1833 547 1864 miuus
570 1833 701 1864 dicimus
724 1835 751 1864 et
768 1833 843 1873 plus
866 1833 1078 1873 sz'yozv'fiemnus
1095 1844 1154 1873 per
1177 1834 1366 1864 contrarium
1387 1834 1432 1864 in-

155 1886 331 1926 telleyentes,
363 1889 398 1918 ut
429 1886 483 1918 Ῐιοσ
516 1886 585 1918 loco.
636 1896 710 1917 *nam
738 1897 806 1917 eum
834 1887 917 1917 dieat
943 1897 1005 1917 ozon
1033 1897 1063 1918 se
1086 1897 1174 1927 posse
1202 1887 1326 1927 implere
1356 1898 1434 1927 (suae

154 1938 236 1970 Iuno
254 1940 441 1980 praecipiat,
464 1940 553 1979 nefas
577 1942 677 1970 tamen
695 1942 788 1979 putat
810 1949 873 1970 nou
896 1940 1021 1980 implere
1038 1943 1210 1980 praecepta.
1242 1950 1257 1971 e
1279 1941 1433 1971 contrario

155 1994 256 2023 autem
280 1991 383 2032 ‘nefas
406 1993 483 2024 mihi
505 2003 567 2024 ‘non
590 1993 689 2032 facere
712 1992 822 2024 iussa'.
859 1993 913 2024 hoo
936 1993 1099 2024 seeundum
1122 2004 1157 2025 ea
1180 2004 1258 2033 quae
1280 1994 1371 2024 aliter
1389 1994 1433 2025 di-

155 2048 267 2077 cuntur
289 2046 380 2077 aliter
402 2047 576 2078 audiuntur
598 2047 712 2078 dictum
736 2049 791 2086 est,
815 2048 851 2077 ut
874 2057 932 2087 per
955 2047 1161 2088 antiphrasin
1185 2047 1323 2088 figuram
1348 2047 1433 2078 dicta

157 2099 223 2130 sint
247 2098 342 2130 ‘mihi
366 2099 454 2131 iussa
478 2110 643 2140 capessere
667 2100 717 2130 fas
742 2099 817 2140 est',
842 2100 931 2131 cuius
961 2100 1086 2142 figurae
1110 2100 1269 2132 rationem
1294 2100 1344 2131 his
1365 2111 1432 2131 ver—

155 2152 206 2183 bis
232 2153 407 2194 explicavit
432 2152 548 2192 [Iulius
572 2153 777 2192 Rufinianus]
803 2151 848 2195 (p.
873 2154 915 2184 62
938 2152 994 2195 Η.)
1020 2153 1237 2194 ‘antiphrasis
1257 2156 1307 2185 est
1330 2154 1433 2194 figura

157 2206 334 2237 sententiae
365 2217 438 2237 cum
472 2206 628 2247 quaedam
661 2216 817 2247 negamus
850 2217 909 2237 nos
943 2206 1046 2238 dicere
1075 2208 1108 2237 et
1135 2209 1244 2238 tamen
1274 2205 1435 2237 dicimus’.

157 2259 242 2300 quod
271 2259 320 2290 vir
348 2258 553 2290 doctissimus
578 2259 747 2299 proposuit
771 2259 832 2290 etsi
855 2269 921 2290 11011
944 2270 1078 2300 possum
1101 2261 1207 2291 totum
1229 2260 1366 2300 probare
1394 2277 1431 2281 --

156 2323 232 2343 110111
255 2313 423 2354 vulgatum
447 2312 608 2344 scholium
632 2312 779 2354 quamvis
802 2312 948 2354 ineptum
969 2313 1014 2344 sit
1032 2313 1191 2344 decurtari
1211 2313 1310 2343 nolim
1330 2323 1433 2353 neque

161 2365 339 2406 iuffpoetae
367 2366 473 2397 verbis
505 2377 521 2397 e
546 2364 726 2397 Cassellani
750 2365 943 2398 scholiastae
968 2368 1075 2397 mente
1098 2366 1265 2406 explicatis
1289 2365 1435 2397 litotetos
