1690 2611
240 119 301 146 LIV
770 119 986 146 PRAEFATIO.

240 202 265 234 F
268 202 451 234 abricianae
467 202 619 233 editionis
635 203 815 244 marginem
831 202 1045 243 transcripsit.
1089 202 1258 244 Scioppius
1279 205 1385 235 autem
1405 204 1519 237 folium

241 256 319 287 illud
348 256 381 286 in
411 255 520 287 codice
548 266 613 287 non
641 255 706 287 iam
735 256 871 287 invenit:
905 257 990 287 certe
1025 256 1064 287 ad
1093 266 1167 298 pag.
1192 256 1256 288 218
1285 257 1318 288 in
1347 258 1520 300 appendice

242 310 433 342 adnotatum
465 309 565 341 habes
600 308 699 340 ‘nihil
737 310 787 340 est
821 309 1049 341 immutatum’.
1102 310 1136 340 in
1170 308 1357 342 Cassellano
1394 323 1520 354 quoque

242 364 431 395 membrana
455 363 493 394 de
518 375 581 405 qua
605 364 728 405 agitur,
758 373 840 404 quae
869 363 987 405 integri
1017 363 1135 395 codicis
1164 364 1227 395 fuit
1256 364 1522 407 quinquagesima

243 417 394 458 septima,
418 417 521 457 deest,
545 419 641 458 atque
665 416 761 448 facile
786 416 986 458 intellegitur
1007 428 1061 448 cur
1076 417 1204 449 Modius
1230 428 1301 449 eam
1324 418 1520 460 refigendam

242 471 391 511 elegerit3
415 481 491 502 nam
515 470 553 502 de
578 470 682 502 tribus
707 470 772 501 illis
799 480 877 511 quas
908 470 1046 512 septimo
1072 471 1277 512 quaternioni
1303 471 1429 504 additas
1454 484 1521 504 esse

243 524 308 556 dixi
332 524 439 566 prima
462 524 525 556 fuit
533 550 541 565 ,
568 526 602 555 ut
626 523 715 555 nullo
739 523 871 565 negotio
903 524 985 556 solvi
1009 526 1132 565 posset:
1162 525 1304 566 reliquae
1333 525 1414 557 duae
1442 537 1522 567 quae

242 578 331 620 ipsae
357 589 482 620 quoque
506 578 698 609 interierunt
722 577 809 608 haud
825 577 891 608 scio
909 588 950 608 an
966 577 1097 609 binione
1123 578 1375 620 comprehensae
1394 579 1523 611 fuerint.

332 632 492 669 Quoniam
508 631 732 663 Cassellanum
757 631 899 663 codicem
924 631 1060 662 eundem
1085 642 1159 675 esser
1179 643 1273 673 quem
1288 632 1434 664 Danielis
1450 633 1523 664 Ful-

243 686 372 717 ‹lensem
397 680 479 717 satis
505 685 600 716 certis
628 684 826 726 argumentis
858 684 1084 716 confirmatum
1115 687 1177 726 est,
1206 687 1424 727 quaerendum
1455 698 1523 718 esse

242 739 336 771 video
361 739 446 770 unde
472 738 691 780 discrepantia
715 749 796 779 quae
820 737 907 769 haud
936 739 1047 779 paucis
1078 750 1154 770 sane
1182 739 1262 771 locis
1291 740 1376 771 inter
1405 740 1523 772 codicis

243 793 419 834 scripturas
445 794 476 823 et
497 791 641 833 Scioppii
666 792 733 823 sive
749 791 892 822 Danielis
920 792 1109 823 testimonia
1132 793 1410 834 animadvertitur,
1434 805 1523 835 repe-

243 846 341 877 tenda
366 846 425 877 sit:
450 856 546 887 quam
571 845 699 887 quidem
720 845 972 886 discrepantiam
991 845 1152 887 Bergkius
1176 846 1355 878 rectissime
1379 847 1460 879 dixit
1478 848 1525 879 ita

243 902 464 941 comparatam
503 910 585 940 esse,
623 900 659 930 ut
696 897 901 930 Cassellanus
939 899 1004 930 fere
1043 899 1177 931 meliora
1214 900 1379 941 praebeat.
1428 902 1524 943 atque

243 952 428 994 Scioppium
458 963 539 994 quae
568 964 605 984 ex
639 952 747 984 codice
787 952 989 984 exscribebat
1021 953 1228 985 librariorum
1259 954 1423 986 erroribus
1452 966 1525 996 pur-

244 1017 337 1048 gasse
362 1007 430 1038 veri
455 1006 536 1038 illud
561 1006 690 1047 quidem
715 1017 779 1037 non
804 1009 853 1038 est
878 1006 1050 1047 dissimile,
1075 1006 1129 1038 sed
1159 1007 1256 1038 certis
1282 1007 1437 1050 exemplis
1462 1019 1527 1040 non

243 1062 353 1102 potest
376 1060 516 1102 probari.
528 1058 550 1101 ¹)
596 1062 708 1091 contra
733 1059 838 1091 habeo
864 1060 979 1101 quibus
1006 1060 1175 1091 ostendam
1202 1059 1370 1092 Danielem
1399 1073 1418 1093 a
1446 1062 1526 1094 veri-

243 1116 310 1146 tate
342 1113 508 1145 deflexisse
539 1125 611 1145 cum
641 1114 676 1145 in
704 1114 907 1155 praefatione
938 1113 1124 1155 appendicis
1159 1114 1280 1146 diceret
1311 1115 1345 1145 in
1376 1115 1527 1147 transcri-

244 1168 357 1200 bendis
388 1167 531 1209 Scioppii
561 1167 688 1199 schedis
720 1169 815 1199 tanta
846 1167 907 1198 fide
939 1178 976 1198 ac
1004 1167 1162 1209 religione
1194 1179 1227 1199 se
1260 1170 1422 1200 versatum
1447 1179 1526 1209 esse,

248 1224 283 1253 ut
309 1222 407 1253 etiam
434 1221 604 1252 emendatu
630 1220 786 1252 facillima
811 1220 1000 1262 ‘depingere
1026 1231 1122 1261 quam
1142 1220 1281 1262 fingere'
1306 1221 1408 1252 satius
1433 1221 1527 1253 duxe-

246 1276 298 1307 rit.
336 1287 411 1306 nam
436 1286 508 1306 cum
534 1274 653 1306 codicis
678 1274 858 1315 scripturae
888 1276 919 1305 et
944 1285 981 1305 ea
1010 1285 1091 1315 quae
1116 1285 1154 1305 ex
1178 1273 1278 1306 Modii
1307 1275 1465 1316 excerptis
1494 1275 1527 1306 in

246 1329 431 1360 Fabriciani
452 1328 646 1370 exemplaris
672 1328 834 1369 margines
859 1327 1055 1369 transcripta
1070 1329 1102 1359 et
1117 1338 1197 1368 quae
1221 1338 1259 1359 ex
1285 1327 1429 1369 Scioppii
1453 1339 1526 1360 con-

249 1382 371 1414 latione
397 1383 430 1414 in
455 1381 632 1424 appendice
657 1381 743 1412 edita
763 1382 839 1412 sunt
853 1380 938 1412 inter
954 1392 987 1412 se
1003 1382 1232 1422 comparantur
1257 1381 1397 1423 itemque
1418 1392 1528 1413 eorum

249 1447 329 1478 quae
342 1436 510 1477 Scioppius
525 1435 594 1477 ipse
610 1435 643 1466 111
658 1435 743 1466 libro
755 1434 792 1465 dc
809 1436 877 1465 arte
894 1434 1007 1465 critica
1023 1436 1055 1465 et
1070 1434 1103 1465 in
1119 1436 1341 1475 suspectarum
1353 1435 1528 1466 lectionum

247 1489 411 1521 volumine
428 1501 444 1520 e
457 1489 610 1521 Fuldensi
625 1489 770 1520 laudavit
784 1488 867 1519 ratio
884 1487 1030 1529 habetur,
1046 1486 1215 1519 Danielem
1226 1499 1291 1519 non
1305 1488 1443 1520 veritum
1460 1500 1528 1520 esse

247 1546 384 1585 apparet
409 1543 547 1575 aliorum
572 1542 761 1574 testimonia
785 1553 843 1574 suo
869 1541 1030 1573 arbitratu
1053 1543 1189 1573 mutare.
1227 1543 1263 1573 ut
1287 1542 1433 1584 exempla
1455 1553 1527 1584 pro-

247 1608 380 1639 ponam,
404 1596 484 1628 Aen.
514 1596 528 1627 Ι
554 1597 592 1627 21
620 1595 664 1638 (p.
689 1596 746 1637 520,
776 1594 830 1637 11)
862 1594 1049 1636 Scioppiuni
1078 1596 1164 1626 recte
1193 1595 1340 1635 adpemcti
1367 1595 1484 1636 legisse
1514 1607 1529 1627 e

248 1651 332 1682 libro
358 1650 396 1682 de
421 1652 489 1681 arte
505 1650 618 1681 critica
641 1648 685 1691 (p.
701 1648 736 1687 4)
763 1649 893 1681 scimus:
919 1649 952 1680 in
977 1648 1153 1690 appendice
1170 1648 1360 1680 Fuldensem
1383 1649 1530 1681 adiuncta

247 1705 365 1736 habere
400 1704 591 1735 adnotatum
623 1705 687 1744 est,
719 1703 802 1744 quod
826 1702 943 1734 Daniel
975 1713 1046 1734 cum
1076 1703 1224 1743 adpunctz'
1256 1702 1336 1734 illud
1367 1703 1442 1744 quid
1467 1702 1529 1734 sibi

250 1758 345 1789 vellet
360 1769 426 1789 non
441 1757 656 1789 intellexisset
671 1768 687 1787 e
704 1757 888 1788 coniectura
903 1756 1050 1798 posuisse
1070 1756 1204 1787 videtur.
1229 1774 1264 1777 ——
1288 1756 1322 1787 in
1343 1755 1464 1787 scholio
1489 1757 1528 1788 ad

242 1804 327 1842 'Aen
344 1811 358 1842 I
379 1812 457 1851 522,
484 1810 567 1851 quod
583 1810 711 1841 Medius
727 1809 856 1841 Danieli
874 1810 1044 1850 exscripsit
1064 1821 1093 1850 p.
1107 1810 1233 1850 11‘51‚20
1253 1808 1460 1841 Cassellanus
1480 1821 1529 1841 ex-

249 1865 342 1896 hibet
365 1865 487 1896 etiamsc'
510 1875 608 1905 ‘reycm
632 1864 796 1895 (omisimus
824 1866 851 1894 ct
873 1863 1006 1895 Italiam
1034 1873 1097 1895 ‘non
1122 1864 1274 1903 petimus:
1303 1873 1361 1904 pro
1390 1863 1440 1895 his
1469 1862 1530 1895 Da-

250 1919 313 1950 niel
339 1919 372 1949 in
387 1917 570 1949 Fabriciani
596 1917 791 1959 exemplaris
816 1917 963 1959 margine
990 1917 1120 1958 scripsit
1143 1918 1235 1948 ctiam
1258 1927 1283 1948 ν.
1307 1927 1336 1948 α.
1360 1919 1388 1948 et
1409 1919 1444 1948 ut
1466 1916 1530 1948 Ita-

250 1973 326 2003 liam
351 1983 412 2003 nou
430 1972 627 2012 petierimus:
658 1971 741 2002 idem
761 1971 943 2011 perierimus
967 1970 1021 2001 sed
1044 1973 1079 2002 ut
1103 1981 1179 2002 voce
1207 1970 1328 2001 omissa
1351 1970 1383 2000 in
1412 1980 1530 2011 appen-

250 2025 318 2057 dice
344 2025 516 2057 invenitur.
559 2025 590 2056 in
617 2024 727 2056 eodem
753 2035 847 2055 versu
876 2035 934 2065 pro
963 2024 1160 2065 discedemus,
1189 2023 1274 2065 quod
1303 2034 1320 2055 e
1348 2023 1454 2055 codice
1483 2033 1529 2054 re-

324 2149 348 2181 1)
369 2148 402 2174 cf.
424 2149 517 2174 tamon
538 2157 610 2182 susp.
632 2148 696 2175 lect.
718 2148 728 2173 Ι
749 2157 789 2182 ep.
810 2147 873 2173 XXI
895 2149 930 2181 (p.
953 2150 985 2173 57
1002 2147 1043 2174 ed.
1066 2147 1220 2174 Amstelod.
1241 2155 1265 2174 a.
1289 2147 1380 2180 1664),
1402 2146 1447 2172 ubi
1467 2146 1530 2172 Ful-

252 2189 334 2215 ‹lcnse
355 2187 579 2214 additamentum
599 2188 634 2215 ad
654 2189 722 2215 Aen.
743 2188 753 2214 l
775 2191 825 2214 63ss
850 2187 889 2214 sic
913 2187 1044 2214 laudatur
1071 2188 1137 2214 ‘non
1157 2187 1226 2214 nulli
1247 2187 1300 2213 Dii
1324 2186 1432 2219 legunt,
1458 2185 1531 2212 sicut

252 2230 359 2254 veteres
389 2227 477 2253 sanies
507 2228 580 2254 fami.
621 2229 735 2255 Plautus
764 2227 792 2254 in
818 2227 970 2255 Mercatore
1004 2228 1069 2261 quia
1103 2230 1151 2254 aut
1188 2227 1262 2261 (lege
1288 2227 1336 2261 qni
1368 2228 1425 2258 aut)
1458 2226 1531 2252 nocti?

251 2271 299 2295 (ιιιὶ
330 2269 371 2294 dii
404 2271 452 2294 αιιι
483 2269 535 2294 soli
564 2271 611 2294 aut
642 2269 743 2295 Immc'.
782 2276 845 2295 nam
872 2277 921 2302 pro
946 2269 1030 2300 sames
1054 2267 1083 2294 in
1117 2267 1211 2294 codice
1238 2267 1340 2299 samiis,
1364 2265 1393 2292 in
1427 2274 1530 2300 appen—

252 2308 313 2335 dice
340 2309 423 2341 famis
439 2307 548 2342 legitur.
581 2310 647 2342 quia
666 2311 714 2335 aut
735 2307 881 2342 Scioppius
902 2307 930 2334 in
950 2316 1011 2342 app.
1033 2315 1142 2341 quoquc
1162 2307 1294 2339 testatur,
1315 2306 1399 2333 codex
1420 2305 1532 2332 exhibet

251 2349 317 2382 (μιίιι
338 2351 374 2374 ιιι.
