1690 2611
517 117 629 144 COMM.
649 117 689 143 IN
708 116 815 142 VERG.
836 116 918 143 AEN.
939 116 971 143 V.
993 119 1142 142 375—410.
1404 115 1469 146 625

277 200 351 232 398.
390 208 472 231 ILLA
496 207 668 231 IVVENTAS
694 200 750 230 aut
773 209 906 240 magna,
930 199 986 229 aut
1010 209 1091 239 quae
1116 198 1276 239 quondam
1301 198 1415 229 fuerat.

278 254 351 285 400.
389 261 455 285 NEC
479 261 576 285 DONA
598 261 720 284 MOROR
744 252 777 283 id
801 253 850 283 est
873 262 938 283 non
963 254 1112 293 expecto,
1136 263 1199 283 non
1221 262 1340 284 moveor
1363 252 1468 283 donis:

188 307 241 338 hic
265 307 350 338 enim
373 318 485 338 sensus
509 308 577 337 tam
603 305 835 347 superioribus,
867 315 963 346 quam
992 305 1202 346 sequentibus
1232 305 1389 347 congruit.
1436 306 1468 336 et

188 371 285 401 supra
304 360 390 392 enim
410 360 469 400 ait,
490 370 523 391 se
542 370 607 390 non
626 358 763 399 praemii
782 369 880 389 eausa
899 357 1065 399 dimicare,
1085 358 1151 399 sed*
1164 358 1299 399 gloriae,
1320 360 1352 389 et
1371 358 1467 399 paulo

188 415 263 454 post
287 414 401 445 bovem
426 413 529 444 vietor
553 411 725 443 interemit.

275 467 349 498 401.
389 475 512 498 INMANI
540 474 701 497 PONDERE
726 476 786 506 pro
815 464 969 496 ‘inmanis
1000 465 1178 505 ponderis',
1212 477 1299 497 more
1329 477 1400 506 suo,
1431 467 1467 496 ut

187 520 257 561 <III
282 521 368 562 467>
391 520 515 552 hamis
540 530 707 560 auroque
731 518 911 549 trilicem.

274 574 349 605 402.
387 582 511 611 QVIBVS
537 583 673 614 quorum
697 572 867 603 instructu.

275 627 348 659 403.
385 635 498 658 FERRE
522 635 647 657 MANVM
672 625 878 657 contendere:
912 637 987 656 nam
1012 628 1149 667 utraque
1174 637 1287 657 manus
1312 627 1465 660 armatur.

185 683 213 712 et
236 679 395 712 ‘manum'
416 691 474 720 pro
499 679 652 711 ‘manus’.
744 687 946 710 INTENDERE
971 687 1125 711 BRAcmA
1149 688 1264 711 TERGo
1289 679 1405 720 ligare,
1429 681 1465 710 ut

185 733 253 774 <IV
278 734 362 775 506>
394 733 642 774 intenditque
665 733 791 764 locum
815 732 943 763 sertis.
1123 730 1125 732 ’

273 788 347 819 404.
385 796 486 819 ANIMI
506 795 698 819 TANTORVM
717 786 766 817 hic
787 786 1054 826 distin-quendum:
1078 786 1138 818 hoc
1163 788 1213 818 est
1236 787 1378 818 virorum
1402 786 1464 818 for-

185 841 280 883 tium,
312 851 385 882 quos
416 851 547 881 aequum
583 851 646 871 ‘non
684 842 750 871 erat
782 850 896 880 mayna
927 841 1049 871 mirari.
1095 840 1178 871 unde
1211 839 1335 871 addidit
1373 839 1463 872 ‘ante

185 905 296 926 omnes
320 886 428 935 stup'et
452 894 520 935 ipse
536 893 668 924 Dares’:
692 904 767 924 nam
793 893 928 924 stultum
949 895 999 924 est
1018 893 1123 925 dicere
1146 893 1324 925 ‘tantorum
1343 893 1463 933 boum',

183 958 254 979 011111
279 947 395 980 dixerit
418 950 549 988 septem.

273 1002 347 1033 406.
384 1010 575 1039 LONGEQVE
598 1001 702 1041 valde,
723 1002 759 1032 ut
779 1000 906 1041 <113>:
933 1000 1195 1042 Tiberinaque
1216 1000 1331 1041 longe
1351 1000 1461 1039 ostia,

273 1056 347 1087 408.
386 1063 520 1087 VERSAT
551 1054 745 1094 considerat,
778 1056 813 1085 ut
838 1054 1012 1086 Sallustius
1042 1053 1253 1085 exereitum
1281 1055 1462 1085 maiorum

183 1119 280 1140 more
303 1111 485 1148 verteret,
508 1108 562 1139 hoc
585 1110 628 1139 est
650 1108 860 1139 consideraret.

271 1163 344 1194 409.
383 1171 507 1194 SENIOR
532 1161 705 1192 seeundum
726 1161 906 1193 Varronem
932 1162 1062 1193 ‘senior’
1088 1164 1120 1194 et
1142 1161 1270 1193 ‘iunior’
1296 1172 1461 1204 compara-

183 1216 242 1247 tivi
267 1219 343 1247 sunt
367 1227 424 1257 per
447 1215 705 1247 inminutionem.
751 1215 826 1246 111110
851 1218 899 1246 est
925 1215 991 1255 <VI
1018 1216 1102 1255 304>
1127 1216 1199 1246 iam
1225 1216 1368 1256 senior,
1398 1216 1460 1247 sed

183 1269 300 1300 cruda
323 1269 391 1301 deo
416 1269 629 1310 viridisque
654 1268 862 1300 senectus':
883 1269 1026 1300 additum
1046 1269 1129 1300 enim
1150 1269 1211 1300 1100
1230 1271 1279 1300 est
1300 1269 1339 1300 ad
1359 1269 1461 1310 expri-

183 1323 348 1363 mendum,
378 1323 453 1364 quid
479 1323 523 1354 sit
548 1321 699 1353 ‘senior't
733 1322 812 1353 item
836 1322 969 1354 Ovidius
994 1323 1096 1354 inter
1125 1322 1374 1364 iuvenemque
1403 1334 1460 1354 se-

182 1387 352 1417 nemque.
393 1378 425 1407 et
448 1387 482 1407 re
506 1386 582 1406 vera
605 1387 669 1406 non
689 1376 839 1407 convenit
863 1376 947 1407 huno
972 1376 1051 1407 satis
1077 1387 1184 1407 senem
1210 1376 1326 1417 accipi,
1350 1376 1404 1417 qui
1428 1378 1460 1407 et

185 1429 311 1460 vincere
334 1431 455 1470 potest,
480 1431 512 1460 et
535 1440 599 1460 uno
625 1429 690 1460 ictu
714 1432 843 1461 taurum
867 1441 991 1462 necare.
1035 1440 1111 1471 ergo
1136 1429 1266 1461 ‘senior'
1291 1440 1354 1461 non
1380 1430 1458 1461 satis

183 1494 292 1522 senex,
317 1482 400 1514 sieut
424 1482 552 1514 ‘iunior’
578 1493 641 1514 non
665 1483 744 1514 satis
769 1483 906 1523 iuvenis,
930 1483 1016 1514 intra
1039 1484 1200 1523 iuvenem,
1226 1483 1309 1514 sicut
1329 1483 1458 1524 ‘paupe-

182 1535 258 1567 rior’
284 1536 371 1567 intra
390 1546 573 1577 pauperem.
614 1535 691 1566 dicit
711 1538 818 1567 autem
836 1536 897 1567 hoc
915 1536 1018 1567 Varro
1039 1537 1072 1567 in
1092 1536 1182 1567 libris
1203 1536 1243 1567 ad
1263 1535 1459 1568 Ciceronem.

270 1590 343 1620 410.
382 1598 533 1621 CAESTVS
559 1598 602 1620 ET
629 1598 724 1620 ARMA
748 1589 785 1620 ἓν
810 1586 865 1620 διὰ
890 1590 1001 1620 δυοῖυε
1027 1588 1140 1621 ‘arma’
1165 1589 1197 1620 id
1223 1592 1271 1621 est
1295 1593 1431 1622 caestus.

253 1671 268 1694 6
290 1667 408 1694 ‘Inmani
426 1668 558 1702 pondere'
582 1689 586 1693 .
604 1689 608 1693 .
627 1689 631 1693 ,
652 1667 784 1701 trilicem]
806 1667 840 1693 cf.
861 1668 981 1694 Maerob.
1003 1668 1058 1694 Sat.
1078 1668 1117 1693 VI
1137 1671 1161 1701 8,
1182 1672 1195 1694 1
1216 1677 1273 1701 sqq.
1293 1670 1302 1702 ΙΙ
1326 1672 1356 1694 17
1379 1669 1456 1695 ‘Ver-

182 1703 236 1729 sat’
259 1703 429 1737 considerat]
450 1703 483 1729 ef.
504 1704 582 1729 Luct.
603 1703 678 1730 Plac.
699 1703 733 1729 ad
755 1704 823 1729 Stat.
845 1703 930 1729 Theb.
948 1704 984 1729 VI
1001 1707 1049 1730 671
1066 1704 1075 1737 Ι]
1090 1704 1251 1738 Sallustius]
1272 1704 1337 1731 hist.
1358 1704 1456 1739 fragm.

181 1739 234 1765 1110.
252 1742 282 1765 17
301 1739 355 1771 Κικ,
371 1742 401 1765 51
419 1739 449 1764 D.
466 1740 475 1773 Ι]
492 1742 522 1765 19
543 1739 693 1765 seeundum
712 1739 866 1765 Varronem
887 1748 908 1765 e.
930 1748 954 1772 q.
976 1740 1008 1773 s.]
1029 1739 1063 1765 cf.
1082 1740 1151 1765 Don.
1172 1740 1206 1765 ad
1227 1739 1286 1766 Ter.
1307 1740 1366 1766 hee.
1387 1741 1455 1773 prol.

181 1774 230 1800 alt.
250 1784 274 1800 v.
295 1778 310 1801 3
330 1777 359 1801 et
376 1775 486 1801 Phorm.
508 1774 532 1800 Il
553 1778 577 1807 3,
600 1778 638 1801 15.
668 1774 730 1800 Isid.
752 1783 789 1800 or.
811 1774 848 1800 XI
868 1778 891 1808 ⁴2,
912 1778 945 1800 25
966 1777 993 1801 et
1013 1775 1068 1802 diff.
1089 1775 1164 1802 verb.
1185 1779 1234 1801 531
1251 1776 1307 1808 1122
1329 1775 1456 1810 Ovidius]

181 1812 246 1836 met.
266 1810 316 1836 XII
336 1813 388 1836 464
415 1811 424 1844 ΙΙ
451 1813 484 1836 ‘26
504 1810 592 1836 Varro
617 1810 646 1836 in
664 1810 743 1836 libris
763 1811 798 1836 ad
818 1809 990 1845 Ciceronem]
1018 1811 1174 1837 Wilmauns
1193 1811 1218 1837 d.
1239 1810 1274 1836 M.
1296 1811 1356 1838 Ter.
1378 1811 1455 1838 Varr.

180 1845 241 1872 libr.
262 1854 377 1879 gramm.
397 1855 423 1879 p.
446 1848 494 1872 158

254 1920 265 1942 1
294 1926 422 1942 [VVENTAS
443 1917 500 1942 FL
526 1917 581 1950 (sed
600 1927 611 1942 s
633 1918 661 1943 ι”η
680 1926 734 1943 ras.
755 1919 772 1950 l)
802 1927 915 1943 ivvimm
934 1918 1003 1943 NH
1028 1927 1155 1944 xvvexrvs
1176 1918 1213 1944 M
1238 1919 1247 1951 Η
1275 1921 1290 1944 6
1310 1927 1386 1944 more
1406 1927 1455 1945 suo

181 1961 229 1978 om.
250 1952 279 1978 F
296 1952 306 1985 11
325 1956 339 1978 9
359 1954 483 1978 armatur
502 1961 599 1978 manus
620 1953 657 1978 M
673 1954 682 1985 n
704 1957 736 1979 10
756 1962 868 1979 manum
887 1953 1003 1979 Daniel:
1023 1962 1107 1979 manu
1127 1953 1157 1980 F
1172 1954 1181 1987 ΙΙ
1202 1957 1233 1979 13
1254 1953 1333 1980 addit
1352 1954 1402 1988 ΓΙ]
1423 1958 1454 1980 14

181 1987 285 2022 dicere]
306 1987 407 2013 sentire
424 1988 460 2014 M
472 1989 481 2021 1]
498 1991 530 2013 15
549 1988 654 2014 diceret
670 1988 699 2014 F
710 1989 719 2022 ΙΙ
735 1992 767 2015 16
787 1988 879 2015 hostia
896 1989 954 2014 NL
962 1989 1031 2015 ΗΜ
1040 1990 1049 2022 1]
1064 1989 1147 2023 ostia]
1169 1991 1197 2016 et
1217 1989 1364 2016 Sallustius
1385 1989 1454 2023 (Cat.

181 2026 223 2056 52,
241 2026 267 2056 2)
289 2023 382 2057 ‘longe
402 2023 457 2049 alia
476 2023 546 2049 mihi
565 2033 641 2050 mens
661 2026 703 2050 est
721 2025 816 2058 patres
836 2024 996 2058 eonseripti'
1018 2025 1081 2051 add.
1093 2025 1121 2050 D
1134 2026 1143 2058 1]
1160 2028 1190 2051 17
1212 2025 1248 2051 ad
1267 2026 1360 2051 versat
1378 2034 1452 2059 supr.

182 2067 245 2084 vers.
266 2059 350 2084 librat
369 2059 505 2092 ponderat
528 2059 551 2084 T
567 2060 575 2092 ΙΙ
600 2062 629 2085 ut
648 2068 697 2085 om.
718 2060 747 2085 F
763 2061 772 2093 ss
798 2062 829 2085 18
849 2061 971 2086 uerteret
991 2060 1031 2085 F.-
1050 2061 1158 2086 uertere
1178 2061 1210 2086 N
1213 2061 1278 2086 LH
1282 2061 1317 2086 M
1344 2062 1453 2087 vortere

181 2095 308 2120 Kritzius
328 2097 351 2120 et
369 2094 524 2120 Dietschius
538 2096 547 2128 ΙΙ
562 2094 737 2121 considerare
759 2096 914 2121 Masm'cztas
928 2097 936 2128 ΙΙ
953 2099 984 2121 19
1004 2104 1121 2122 uarrone
1142 2096 1172 2122 F
1183 2097 1192 2130 ΙΙ
1206 2096 1298 2123 senior
1318 2098 1345 2122 et
1363 2096 1454 2122 iunior

183 2129 296 2155 FLM:
323 2129 449 2156 iuuenior
468 2130 496 2155 et
516 2130 607 2156 senior
626 2131 704 2162 NH,
724 2131 853 2164 probavit
879 2131 1033 2157 ll'ilmamzs
1055 2133 1064 2164 ΙΙ
1092 2135 1125 2157 20
1144 2132 1359 2158 inmutationem
1379 2132 1403 2157 L
1422 2133 1452 2165 (1.

180 2165 391 2191 inminutionem
417 2174 548 2198 superscr.
570 2166 589 2198 I)
617 2166 626 2199 ΙΙ
653 2166 718 2192 111110
742 2168 784 2192 est
806 2166 861 2192 iam
882 2166 922 2192 F:
948 2167 1011 2192 hinc
1032 2167 1116 2193 etiam
1135 2167 1167 2193 N
1171 2167 1235 2193 LH
1257 2168 1316 2201 (del.
1337 2170 1360 2193 et
1380 2167 1453 2194 intra

180 2201 330 2234 pauperior
347 2209 478 2233 superscr.
494 2203 522 2232 n)
543 2201 606 2227 hinc
627 2203 668 2227 est
687 2201 771 2228 etiam
791 2202 826 2227 M
839 2202 848 2235 ΙΙ
863 2205 893 2227 21
916 2203 957 2228 est
977 2210 1025 2229 om.
1038 2203 1073 2228 M
1084 2204 1093 2235 ΙΙ
1108 2205 1141 2229 25
1160 2202 1287 2229 iuuenior
1302 2203 1332 2228 F
1343 2203 1352 2236 Ι]
1366 2203 1451 2237 intra]

180 2236 227 2262 ini
248 2245 280 2263 ra
299 2235 329 2262 F
359 2235 406 2262 sed
425 2237 499 2262 intra
519 2237 555 2262 M
559 2237 569 2262 l
596 2237 605 2270 ΙΙ
632 2245 782 2270 pauperem
802 2237 950 2271 pauperior
968 2237 1041 2264 intra
1059 2238 1132 2264 NH.
1165 2241 1279 2265 ceterum
1297 2239 1360 2271 fort.
1380 2238 1453 2265 infra

692 2277 766 2302 uertit'
794 2282 868 2301 uinus

180 2307 307 2333 iuvenem
326 2310 351 2333 et
369 2307 442 2333 infra
456 2316 606 2341 pauperem
621 2309 630 2341 ΙΙ
645 2311 678 2334 27
694 2308 776 2341 endyi
796 2308 869 2342 adyn
886 2308 914 2333 F
938 2317 972 2334 en
991 2308 1037 2334 dia
1057 2309 1114 2335 diin
1130 2309 1161 2335 N
1164 2309 1197 2335 H
1222 2309 1293 2334 Endi
1312 2317 1328 2334 a
1347 2309 1412 2342 dyin
1426 2309 1451 2335 L

181 2342 239 2376 (ndi
257 2345 281 2368 et
300 2352 318 2369 n
337 2343 368 2369 in
386 2352 440 2369 ras.
461 2344 479 2373 I)
508 2343 640 2370 endiadin
660 2344 700 2370 M.
737 2344 821 2370 uertit
840 2344 928 2370 uirtus
947 2345 984 2370 ad
1002 2353 1025 2371 v.
1046 2347 1097 2372 408
1112 2346 1248 2379 pertinere
1269 2347 1373 2379 putans
1392 2345 1450 2373 Ha-

1487 684 1518 708 10

1483 952 1515 976 15

1480 1220 1514 1243 20

1478 1488 1510 1512 25
