1690 2611
229 122 344 148 XXXVI
761 122 973 150 PRAEFATIO.

228 203 425 236 Achilleidos
451 204 573 236 scholia
599 216 680 246 quae
707 217 723 236 e
748 205 875 236 Pithoei
901 205 1008 237 codice
1033 205 1174 246 quodam
1198 204 1455 249 Lindenbrogius
1481 220 1507 240 a.

233 259 317 289 1600
342 258 441 290 edidit
461 269 533 290 cum
549 259 723 291 maximam
746 261 872 300 partem
893 270 909 290 e
930 258 1032 290 Servii
1054 259 1287 291 commentario
1312 260 1352 292 ad
1376 261 1510 293 verbum

231 312 392 353 exscripta
422 312 501 353 sint,
529 312 650 344 iniuria
678 313 780 344 eidem
810 313 998 344 tribuuntur
1025 312 1079 352 qui
1112 312 1146 343 in
1170 312 1367 346 Thebaidem
1396 315 1508 357 quinto

230 365 358 397 saeculo
385 368 521 397 exeunte
545 368 581 397 ut
605 364 764 407 videtur¹>
790 366 892 397 multo
923 365 1048 397 doctius
1078 367 1110 397 et
1138 366 1326 407 diligentius
1350 378 1509 400 commen-

230 421 319 450 tatus
345 421 403 451 est.
441 419 496 461 qui
521 420 582 451 etsi
606 420 675 461 ipse
700 430 826 460 quoque
850 418 936 450 haud
957 430 1059 460 pauca
1084 430 1121 450 ex
1146 418 1249 451 Servii
1276 422 1509 454 commentario

230 471 483 515 deprompsiffl),
506 475 616 504 tamen
637 473 773 504 aliorum
800 473 897 504 etiam
927 472 1119 514 Vergiliana
1146 476 1330 506 commenta
1353 474 1510 508 adhibuit.

230 538 305 558 nam
328 537 393 558 non
418 526 523 558 solum
548 527 674 568 aliquot
702 527 781 557 locis
810 526 848 557 de
881 525 1020 568 Vergilii
1044 526 1190 558 versibus
1216 527 1467 569 interpretandis
1492 541 1511 561 a

232 580 343 612 Servio
368 579 568 622 dissentit3),
598 580 652 611 sed
678 582 727 611 est
752 579 849 611 etiam
873 579 928 610 ubi
958 590 1133 611 consensus
1158 581 1212 621 qui
1237 581 1322 613 inter
1345 582 1511 624 utriusque

231 634 356 666 scholia
380 633 629 675 deprehenditur
652 634 699 664 ita
715 634 921 674 comparatus
946 633 1002 674 sit,
1026 635 1062 664 ut
1080 645 1146 665 non
1166 634 1333 667 Luctatius
1355 647 1373 667 a
1392 635 1512 678 Servio,

233 688 287 719 sed
313 688 352 719 ab
378 688 489 719 eodem
514 689 648 729 uterque.
674 689 805 718 auctore
832 698 890 718 sua
917 687 1071 728 petivisse
1102 687 1295 731 videatur4).
1335 701 1414 731 quae
1439 701 1510 722 cum

230 742 277 773 ita
302 742 379 782 sint,
405 741 489 783 quod
514 741 688 773 Danielina
717 741 872 783 quaedam
900 740 1026 772 scholia
1050 740 1147 773 Statii
1176 743 1424 775 commentatori
1447 755 1512 775 non

230 796 343 837 ignota
366 795 467 826 fuisse
493 795 653 835 videmus,
678 795 751 826 inde
776 806 870 826 nemo
896 795 1071 836 integriore
1093 795 1200 836 aliquo
1225 794 1329 828 Servii
1353 807 1511 829 commen-

231 850 315 881 tario
345 860 417 880 eum
446 860 540 880 usum
570 860 638 880 esse
668 849 794 880 efficiet.
841 848 878 879 ef.
907 848 1009 879 Theb.
1038 847 1086 880 III
1116 849 1180 880 283
1210 851 1242 880 et
1273 849 1351 881 Aen.
1383 850 1430 882 IV
1459 852 1512 893 99,

232 902 331 934 Theb.
357 902 386 934 V
412 903 453 933 86
479 904 512 933 et
536 903 606 934 buc.
631 901 712 933 VIII
738 902 793 943 75,
819 901 919 933 Theb.
939 901 986 933 VI
1006 902 1026 933 2
1052 903 1084 933 et
1107 902 1177 933 buc.
1201 901 1248 933 VI
1273 903 1323 944 68,
1348 903 1449 936 Theb.
1465 904 1512 936 VI

235 957 309 996 199,
335 956 412 1004 211,
437 956 500 987 219
526 958 558 987 et
582 956 662 987 Aen.
686 955 735 986 ΠΙ
761 956 810 987 67.
837 955 875 987 ad
900 955 999 987 Theb.
1024 955 1071 987 IV
1096 955 1160 987 323
1185 957 1217 987 et
1241 956 1280 987 ad
1304 956 1382 988 Aen.
1406 957 1422 988 I
1446 958 1510 989 322

232 1012 264 1041 et
280 1010 344 1041 324
361 1010 492 1041 scholiis
517 1010 602 1041 inter
627 1021 659 1041 se
685 1010 881 1051 comparatis
907 1010 1088 1041 ostenditur
1112 1010 1211 1041 verba
1226 1021 1306 1051 quae
1331 1013 1406 1042 sunt
1425 1011 1513 1053 ‘quia

232 1066 403 1096 venatores
428 1074 500 1094 cum
524 1063 691 1104 vestigant
721 1063 812 1104 quasi
832 1063 983 1095 videntur
1016 1063 1148 1104 errare',
1178 1074 1375 1105 quamquam
1403 1065 1514 1107 vulga-

232 1120 301 1148 tum
336 1117 496 1148 scholium
530 1117 700 1158 aptissime
734 1116 779 1147 eis
815 1117 1021 1158 suppleatur,
1059 1118 1168 1148 tamen
1201 1128 1265 1148 non
1299 1129 1368 1149 esse
1402 1117 1513 1150 Servii,

234 1171 335 1202 Theb.
359 1171 406 1202 IV
431 1171 496 1202 482
520 1170 688 1202 Luctatius
714 1181 851 1211 quocum
876 1170 1043 1212 mythogr.
1061 1170 1150 1202 1141
1177 1171 1338 1203 consentit
1363 1171 1415 1214 (cf.
1436 1171 1510 1203 Am-

233 1225 311 1266 pelii
341 1225 395 1256 lib.
425 1236 519 1256 mem.
547 1224 593 1256 IX
624 1223 672 1266 5),
704 1227 775 1254 eum
809 1224 988 1256 nominavit
1018 1224 1057 1255 ad
1083 1235 1177 1266 quem
1206 1225 1340 1256 redeunt
1367 1236 1448 1266 quae
1479 1225 1513 1256 in

234 1278 416 1310 Danielinis
445 1278 537 1309 libris
567 1277 607 1309 ad
633 1277 711 1308 Aen.
740 1277 754 1307 I
781 1277 843 1308 297
876 1279 908 1308 et
931 1276 977 1308 IV
1002 1277 1064 1309 577
1096 1278 1133 1309 de
1163 1280 1317 1320 quattuor
1345 1278 1513 1310 Mercuriis

234 1332 398 1374 adscripta
433 1333 517 1363 sunt.
560 1331 744 1362 emendavit
777 1330 918 1362 Luctatii
949 1331 1172 1363 testimonium
1206 1332 1242 1364 Ο.
1265 1332 1398 1364 Iahnius
1433 1343 1513 1364 111115.

235 1386 322 1417 rhen.
348 1385 393 1417 IX
418 1397 447 1426 p.
472 1385 546 1416 627.

323 1438 427 1470 Venio
452 1450 536 1470 nunc
561 1439 600 1470 ad
625 1450 678 1470 eos
704 1439 876 1479 scriptores
902 1449 981 1479 quos
1006 1438 1092 1470 inter
1115 1439 1297 1471 imitatores
1322 1438 1424 1471 Servii
1449 1450 1514 1470 om-

234 1494 321 1524 nium
343 1493 531 1534 saepissime
552 1494 820 1524 commemoratos
841 1502 910 1522 esse
931 1491 1035 1530 vides,
1060 1493 1321 1534 mythographos
1341 1492 1514 1524 Vaticanos

307 1596 331 1626 1)
351 1593 574 1628 Lindenbrogius
585 1594 662 1620 sexto
678 1592 788 1619 saeculo
798 1592 957 1619 Luctatium
970 1592 1113 1627 scripsisse
1127 1593 1237 1626 statuit,
1249 1594 1323 1628 quod
1333 1594 1367 1620 ad
1380 1593 1465 1620 Theb.
1477 1593 1515 1619 IV

236 1639 285 1661 106
297 1636 333 1668 (p.
349 1637 398 1660 124
410 1633 569 1666 Lindenbr.)
591 1633 718 1660 Boetium
735 1633 883 1659 laudasset.
918 1633 965 1659 sed
983 1641 1053 1666 quae
1064 1633 1162 1660 Boetio
1174 1633 1218 1666 (cf.
1231 1633 1256 1660 d.
1269 1633 1372 1660 consol.
1387 1632 1456 1667 phil.
1468 1634 1478 1660 Ι
1490 1637 1514 1665 5,

236 1680 250 1701 5
271 1676 342 1708 sqq.)
362 1674 522 1700 tribuantur
546 1673 655 1700 Horatii
681 1681 740 1699 esse
767 1674 859 1705 (carm.
881 1673 892 1697 Ι
914 1676 959 1706 17,
983 1676 1013 1699 14
1034 1674 1104 1706 sqq.)
1130 1673 1329 1708 mythographi
1348 1673 1360 1698 1
1385 1676 1418 1699 58
1443 1673 1471 1699 et
1490 1673 1513 1699 ll

238 1719 286 1742 165
307 1715 414 1742 docent.
450 1716 546 1740 contra
565 1722 636 1747 quae
657 1721 670 1739 0
695 1712 808 1739 Sedulio
828 1712 972 1740 Luctatius
989 1716 1024 1748 (p.
1041 1717 1092 1740 286
1109 1712 1269 1748 Linden-br.)
1289 1712 1407 1747 protulit
1426 1721 1439 1738 e
1456 1721 1513 1739 car—

234 1755 309 1781 mine
330 1754 542 1788 paschali1200
554 1754 720 1787 deprompta
731 1755 802 1780 sunt.
831 1754 947 1780 fortasse
959 1754 1055 1780 eadem
1067 1753 1175 1780 monuit
1186 1753 1362 1779 Hermannus
1377 1752 1514 1787 Schottky

236 1804 318 1828 quem
351 1794 377 1820 111
407 1793 643 1820 commentatione
672 1802 745 1820 anno
774 1796 839 1820 1856
864 1793 1049 1820 Vratislaviae
1078 1793 1154 1820 edita
1184 1792 1306 1819 Luctatii
1335 1793 1458 1819 aetatem
1486 1793 1515 1819 in

235 1835 333 1868 quinto
358 1834 468 1860 saeculo
495 1833 672 1860 constituisse
699 1843 712 1859 e
739 1832 866 1859 Ῥη-11110111
895 1833 960 1860 Litt.
986 1833 1065 1859 Rom.
1096 1832 1160 1858 hist.
1191 1835 1242 1858 304
1266 1832 1359 1858 adnot.
1386 1835 1400 1857 9
1421 1832 1515 1859 didici.

324 1878 351 1906 2)
372 1875 404 1900 cf.
426 1874 502 1900 Luct.
524 1874 598 1901 Flac.
625 1874 660 1900 ad
681 1873 751 1900 Stat.
777 1873 863 1899 Theb.
885 1873 895 1898 I
916 1876 947 1899 81
974 1874 1001 1899 et
1026 1873 1099 1899 Serv.
1125 1873 1191 1898 Aen.
1214 1873 1223 1897 I
1247 1874 1304 1904 185,
1325 1872 1411 1899 Theb.
1433 1873 1444 1898 I
1464 1875 1515 1899 518

236 1917 264 1941 ct
285 1915 352 1941 Aen.
374 1914 423 1939 Vll
445 1917 504 1945 277,
526 1914 611 1940 Theb.
634 1914 643 1938 I
669 1917 717 1939 521
750 1914 778 1939 et
808 1914 875 1939 Aen.
905 1913 916 1938 Ι
944 1917 1006 1946 726,
1032 1913 1119 1939 Theb.
1147 1913 1157 1938 Ι
1190 1915 1241 1938 545
1271 1913 1299 1938 et
1326 1913 1395 1938 Aen.
1420 1913 1431 1938 I
1456 1916 1516 1946 224,

236 1955 322 1982 Theb.
350 1955 359 1980 I
385 1957 435 1980 549
461 1956 488 1979 et
512 1954 580 1980 Aen.
606 1954 643 1980 IX
668 1957 716 1986 36,
743 1953 828 1980 Theb.
854 1954 864 1979 Ι
890 1956 939 1979 695
965 1954 993 1979 et
1017 1954 1084 1979 Aen.
1112 1952 1147 1979 XI
1177 1955 1241 1985 262,
1266 1952 1353 1979 Theb.
1378 1952 1404 1978 II
1430 1955 1463 1979 32
1489 1955 1516 1979 et

237 1997 304 2022 Aen.
332 1995 341 2019 l
369 1998 430 2027 1:30,
456 1994 542 2020 Theb.
568 1994 605 2019 IV
631 1995 681 2020 708
707 1996 735 2020 et
758 2002 853 2028 georg.
879 1994 903 2019 11
932 1996 996 2026 353,
1026 1993 1112 2019 Theb.
1138 1992 1175 2018 VI
1200 1996 1232 2019 39
1265 1993 1293 2018 et
1315 1991 1383 2019 Aen.
1407 1992 1445 2018 XI
1468 1996 1515 2025 36,

237 2035 324 2062 Theb.
345 2035 380 2060 VI
407 2038 439 2060 63
464 2036 493 2061 et
517 2034 584 2060 Aen.
610 2034 619 2059 I
645 2037 704 2067 655,
729 2034 815 2060 Theb.
841 2033 904 2060 VIII
930 2036 980 2060 298
1002 2034 1030 2059 et
1049 2035 1115 2059 Aen.
1142 2033 1177 2059 XI
1206 2035 1266 2066 339,
1291 2032 1378 2059 Theb.
1403 2032 1440 2058 IX
1464 2035 1514 2059 361

241 2077 269 2102 ct
288 2084 381 2108 georg.
407 2075 417 2100 Ι
445 2078 503 2100 399.
547 2074 673 2100 breviore
698 2073 745 2108 qui
772 2073 873 2100 dicitur
902 2072 992 2100 Servii
1022 2072 1222 2100 commentario
1248 2071 1407 2099 Luctatium
1437 2082 1515 2100 usum

236 2124 296 2142 essc
326 2114 369 2140 his
399 2114 467 2140 locis
497 2114 671 2143 ostenditur,
703 2113 802 2147 quibus
835 2113 991 2148 pleniorum
1026 2112 1159 2140 librorum
1190 2112 1383 2140 additamenta.
1416 2111 1517 2139 omissa

237 2157 312 2181 sunt:
334 2154 419 2180 Theb.
442 2154 450 2179 1
473 2157 505 2179 49
527 2155 554 2179 et
574 2155 640 2180 Aen.
662 2154 685 2179 lI
707 2157 770 2187 776,
790 2153 876 2180 Theb.
897 2154 907 2179 I
927 2156 976 2180 271
998 2155 1027 2180 ct
1047 2155 1114 2179 Aen.
1135 2152 1172 2179 III
1192 2155 1256 2186 694,
1276 2152 1362 2178 Theb.
1378 2152 1415 2178 VI
1436 2155 1468 2179 55
1489 2154 1517 2179 ct

238 2196 305 2221 Aen.
326 2195 363 2221 XI
384 2198 424 2221 04.
446 2194 489 2225 (cf.
513 2194 576 2221 lsid.
598 2203 634 2221 or.
657 2194 705 2221 XX
727 2198 769 2226 11,
789 2197 827 2228 7),
849 2194 935 2221 Thcb.
956 2194 1007 2220 VII
1027 2196 1076 2219 421
1105 2194 1131 2219 et
1157 2193 1224 2219 Aen.
1245 2191 1269 2218 V
1290 2195 1339 2218 241
1361 2191 1407 2225 (cf.
1429 2192 1515 2219 Theb.

241 2237 246 2261 I
271 2236 328 2268 13),
349 2234 435 2261 Theb.
458 2235 520 2260 VIII
542 2237 593 2260 255
615 2236 643 2259 et
662 2234 729 2261 Aen.
752 2235 787 2260 III
810 2237 869 2267 209,
890 2234 976 2260 Theb.
993 2234 1029 2260 IX
1043 2236 1093 2260 795
1110 2235 1138 2260 et
1157 2234 1223 2259 Aen.
1236 2232 1273 2258 IV
1284 2235 1335 2258 216
1356 2233 1384 2258 ct
1402 2233 1440 2258 IX
1456 2235 1515 2260 616.

310 2277 336 2309 3)
357 2275 389 2301 cf.
411 2274 496 2300 Theb.
519 2275 528 2299 I
552 2278 599 2300 197
628 2276 656 2299 vt
675 2284 768 2308 georg.
793 2275 798 2299 l
826 2277 872 2307 92,
900 2274 985 2301 Theb.
1011 2277 1023 2299 I
1043 2277 1093 2301 207
1120 2274 1148 2300 et
1171 2272 1238 2298 Aen.
1264 2272 1329 2298 VIII
1355 2275 1402 2306 64,
1428 2273 1515 2299 Theb.

238 2316 260 2342 11
281 2318 331 2342 4911
352 2316 380 2341 et
400 2315 466 2340 Aen.
487 2314 497 2339 1
518 2317 576 2340 526.
684 2317 708 2346 4)
730 2315 817 2341 Theb.
840 2316 847 2341 1
869 2317 933 2346 251,
959 2317 1010 2341 630
1030 2315 1058 2340 et
1079 2313 1144 2339 Aen.
1167 2312 1204 2338 VI
1225 2315 1285 2345 630,
1305 2311 1390 2339 Theb.
1412 2313 1462 2339 Vll
1485 2316 1515 2340 16

238 2357 265 2381 vt
286 2355 352 2381 Aen.
374 2354 397 2380 V
421 2357 482 2387 193,
504 2354 590 2380 Theb.
612 2353 635 2379 X
657 2357 706 2380 788
727 2356 755 2381 ot
775 2355 841 2381 Aen.
863 2355 899 2381 Ill
921 2357 961 2381 57.
