1690 2611
527 105 638 132 COMM.
658 105 698 131 IN
716 104 822 131 VERG.
842 104 925 131 AEN.
946 104 990 132 IV.
1011 107 1123 132 59—05.
1397 101 1462 132 475

279 189 328 220 61.
367 196 565 220 CANDENTIS
586 187 749 219 candidae:
772 187 981 228 participium
1001 188 1050 216 est
1070 197 1126 226 pro
1152 185 1288 217 nomine.
1348 192 1460 215 MEDIA

185 251 292 274 INTER
316 251 456 274 CORNVA
484 251 616 273 FVNDIT
646 252 709 272 non
735 243 784 271 est
808 240 1014 280 sacrificium,
1039 240 1093 270 sed
1118 239 1245 270 hostiae
1275 237 1462 280 exploratio,

187 297 294 327 utrum
320 299 397 337 apta
421 295 472 327 sit.

275 349 325 381 62.
363 357 454 380 ANTE
480 357 548 380 ORA
572 356 671 378 DEVM
697 349 770 378 ante
795 346 976 378 simulacra.
1050 359 1175 377 mivorrs
1192 346 1302 386 plenas
1325 346 1370 377 vel
1392 355 1462 377 sau-

185 403 279 443 yuz'ue
301 403 462 443 delibutas,
485 404 520 432 ut
543 400 648 441 <201>
675 401 922 441 pecudumque
949 409 1075 430 cruore
1098 400 1238 440 pinque
1261 399 1384 430 solum.

186 464 379 488 SPATIATVR
403 464 449 486 AD
474 462 561 485 ARAS
586 456 752 485 matronae
783 453 868 485 enim
898 453 1134 484 sacrificaturae
1164 453 1247 483 circa
1277 463 1348 483 aras
1378 452 1462 483 facu-

186 510 234 541 las
258 511 404 540 tenentes
429 507 629 548 ferebantur,
653 507 737 548 quod
761 518 834 538 cum
858 506 996 548 quodam
1026 507 1120 547 gestu
1144 506 1258 536 fiebat:
1289 505 1372 536 unde
1397 504 1463 536 Sal-

186 563 303 594 lustius
328 562 474 593 saltare
498 561 719 602 elegantius
744 572 852 602 quan]
876 570 1031 591 necesse
1059 562 1117 590 est
1139 559 1292 600 probae.
1338 559 1464 598 quidam

183 626 279 657 glenus
302 615 447 655 sacrificii
470 615 633 655 appellant,
657 625 714 654 quo
738 617 846 645 veteres
875 624 944 645 cum
973 624 1047 645 aras
1074 614 1269 645 ciremnireut
1301 615 1329 644 et
1356 622 1464 644 rursus

184 681 215 702 se
246 671 448 701 converterent
478 671 507 699 et
542 669 648 699 deiude
679 669 885 703 consisterent,
923 667 1061 698 dicebaut
1093 667 1299 698 minusculum
1330 676 1462 697 sacrum.

185 734 227 754 au
250 723 304 754 hoc
326 724 368 754 ad
390 722 615 762 impatientiam
638 721 755 752 aonoris
778 721 968 760 referendum
996 723 1051 761 est,
1075 731 1132 760 quo
1157 721 1271 751 iactata
1295 719 1377 750 Dido
1402 719 1463 750 loco

186 779 268 808 stare
289 787 352 808 nou
370 778 499 816 poterat,
522 775 612 806 uma
642 775 723 806 illud
744 775 828 815 <68>
855 774 968 805 ‘uritur
994 774 1101 813 iufelz'oe
1124 773 1208 805 Dido
1232 775 1350 813 totaque
1371 783 1464 813 vaya-

186 833 237 861 ίαν
260 830 332 862 urbe
352 831 460 869 furens
468 828 486 859 ’.

275 884 325 915 63.
364 890 632 919 INSTAVRATQVE
656 891 742 913 DIEM
767 890 870 913 Dorus
896 881 1096 922 muneribus,
1128 892 1210 922 quae
1236 883 1291 911 aut
1316 880 1363 911 dis
1389 879 1462 911 offe-

187 937 290 978 rebat,
315 940 371 968 aut
394 936 536 968 donabat
560 935 666 977 Tyriis
687 935 737 967 vel
757 935 915 967 Troianis.
954 934 1137 966 ‘instaurat'
1158 935 1265 965 autem
1285 933 1365 974 ideo,
1390 933 1465 974 quia

188 992 253 1022 iam
278 1001 374 1031 supra
394 989 638 1030 sacrificaverat,
662 991 699 1020 ut
724 988 760 1029 <I
780 989 865 1029 631>
890 988 1006 1019 simul
1031 988 1184 1020 Aenean
1208 988 1245 1019 in
1269 987 1377 1028 regia
1401 986 1466 1017 du-

188 1044 242 1076 cit
265 1046 383 1084 tecta,
408 1042 523 1074 simul
547 1042 673 1073 divum
703 1042 860 1083 templis
890 1042 1033 1073 indicit
1062 1041 1254 1073 honorem.
1299 1050 1372 1071 saue
1401 1040 1465 1080 qui-

188 1099 260 1129 dam
285 1096 395 1129 'donis’
421 1096 580 1136 sacrificiis
603 1096 723 1133 volunt,
747 1106 822 1127 uam
845 1098 872 1127 et
892 1095 1025 1135 ‘templa’
1047 1094 1200 1127 ‘donaria’
1221 1095 1342 1125 abusive
1361 1095 1464 1125 dicun-

189 1154 248 1192 tur,
272 1153 307 1182 ut
329 1153 371 1182 est
392 1151 518 1181 ductos
541 1149 621 1180 alta
644 1149 691 1180 ad
712 1150 872 1180 donaria
895 1159 1036 1180 currus.

278 1204 328 1235 64.
371 1194 513 1234 INHIANS
542 1203 676 1243 intenta,
707 1213 763 1243 per
794 1202 1056 1234 sollicitudinem.
1148 1211 1332 1233 SPIRANTIA
1362 1201 1396 1232 id
1425 1203 1467 1232 est

189 1257 395 1299 palpitantia:
426 1257 518 1298 quasi
547 1256 650 1287 adhuc
679 1256 759 1286 viva.
851 1269 991 1287 coxsrmr
1011 1270 1085 1287 mm
1111 1257 1238 1296 proprie
1268 1256 1364 1287 ‹lm-vit.-
1393 1266 1466 1286 uru-

189 1312 283 1353 sffl'ces
306 1311 388 1343 enim
411 1313 481 1342 eoeta
504 1310 656 1341 consulere
679 1310 825 1340 dicuutur
849 1320 916 1340 cum
936 1310 1112 1349 inspiciunt.
1159 1308 1251 1341 ‘exta’
1277 1309 1466 1349 singularem

190 1376 251 1397 uon
274 1365 392 1405 habent,
414 1367 449 1395 ut
472 1363 603 1395 ‘ctrma’.

280 1418 330 1449 65.
374 1427 445 1449 HEV
475 1426 594 1448 VATVM
633 1425 785 1448 IGNARAE
816 1425 952 1448 MENTES
987 1428 1052 1448 non
1087 1417 1268 1448 sacerdotes
1304 1417 1467 1457 vituperat

192 1472 284 1513 quasi
307 1472 432 1503 nescios
454 1472 640 1511 scaurorum,
659 1470 713 1501 sed
734 1470 797 1501 vim
819 1470 958 1501 amantis
979 1470 1138 1511 exprimit,
1159 1473 1191 1501 et
1211 1470 1283 1501 inde
1303 1470 1467 1511 vituperat

193 1525 386 1565 sacerdotes,
411 1525 464 1566 qui
489 1525 723 1556 admonuerunt
746 1535 810 1555 non
835 1524 1040 1555 credituram:
1069 1535 1145 1555 nam
1174 1524 1284 1555 omnia
1311 1525 1420 1555 futura
1449 1536 1467 1555 a

265 1617 279 1640 7
301 1613 462 1647 Sallustius]
485 1612 542 1638 Cat.
563 1616 605 1645 ⁶25,
625 1616 640 1638 2
664 1614 672 1646 11
698 1615 729 1638 19
750 1612 857 1645 ductos]
879 1621 971 1646 georg.
993 1612 1031 1638 ΙΙΙ
1050 1615 1101 1638 533

268 1698 283 1720 3
303 1695 450 1727 utrumque
472 1694 520 1727 Fu
542 1697 557 1718 4
577 1693 613 1718 ud
632 1693 748 1726 pingues
767 1701 841 1725 supr.
862 1701 926 1718 vers.
948 1694 1059 1718 onustas
1079 1700 1209 1725 pecorum
1229 1692 1390 1725 corporibus
1410 1692 1466 1718 siue

195 1730 327 1764 sanguine
347 1729 485 1755 delibutas
503 1729 527 1754 T
545 1729 669 1760 <onustas
689 1737 819 1761 pecorum
839 1728 1000 1761 corporibus
1023 1728 1080 1754 Tib.
1094 1727 1198 1753 Donati
1212 1730 1287 1761 suut)
1302 1728 1310 1761 11
1325 1728 1407 1761 plena
1419 1728 1447 1753 F
1466 1738 1467 1761 ;

195 1769 209 1791 6
225 1765 429 1799 significaturae
446 1765 474 1790 F
486 1766 494 1798 11
509 1765 582 1790 circa
602 1773 662 1789 aras
679 1787 683 1790 .
697 1786 700 1789 .
714 1785 718 1790 .
734 1764 836 1797 probae
848 1767 911 1796 post
927 1764 1020 1789 furens
1039 1763 1158 1796 71ab.Fn
1174 1766 1187 1788 7
1204 1763 1277 1796 quod
1293 1771 1341 1789 om.
1354 1763 1383 1788 F
1400 1772 1467 1796 quo-

195 1809 311 1834 cumque
322 1801 357 1826 M
376 1800 455 1833 quasi
466 1800 554 1833 steph..
570 1801 579 1833 11
594 1800 687 1834 gestu]
703 1801 810 1833 gestan]
822 1800 850 1824 Il
865 1801 873 1832 11
888 1799 973 1825 fiebat
992 1807 1040 1825 om.
1054 1799 1288 1832 lvNfllllsteph.
1304 1800 1313 1832 11
1328 1801 1342 1824 8
1363 1799 1467 1833 eligan—

196 1836 251 1862 tius
272 1836 343 1862 HM
356 1836 365 1869 11
380 1836 464 1870 probe
484 1836 538 1861 Lm
552 1836 562 1868 11
576 1836 612 1861 ad
632 1835 769 1868 spatiatur
788 1836 818 1860 iu
837 1843 921 1868 φησιν-9.
943 1834 1080 1868 spatiatur
1099 1835 1151 1860 hoc
1171 1835 1212 1860 est
1231 1834 1259 1860 in
1280 1834 1371 1868 spatio
1391 1834 1468 1868 longi

195 1872 302 1897 itineris
322 1871 484 1897 obambulat
503 1871 531 1897 id
551 1874 593 1897 est
616 1871 698 1896 eundi
723 1872 750 1896 et
774 1870 906 1896 redeundi
931 1871 1005 1896 uices
1029 1870 1210 1896 creberrimas
1234 1874 1370 1903 procurat.
1410 1870 1467 1896 adi-

197 1907 295 1933 ciendo
321 1907 356 1932 ad
379 1915 441 1932 aras
466 1906 586 1932 ostendit
610 1914 703 1932 aream
727 1908 898 1940 assumptam
923 1906 1037 1932 deorum
1061 1914 1151 1932 causa.
1190 1906 1248 1932 siue
1273 1906 1410 1939 spatiatur
1433 1906 1468 1932 ad

197 1942 402 1976 impatientiam
422 1941 524 1968 amoris
544 1941 716 1968 referendum
737 1943 778 1968 est
797 1950 850 1975 quo
870 1942 974 1968 iactata
994 1941 1059 1968 dido
1079 1943 1152 1967 stare
1171 1941 1232 1967 loco
1250 1950 1305 1967 non
1320 1942 1430 1974 poterat
1447 1942 1471 1967 T

196 1978 360 2012 (spatiatur.
375 1999 380 2004 .
392 1998 397 2003 .
410 1978 540 2011 procurat
557 1977 580 2002 T
581 1978 660 2003 iberc'i
674 1977 781 2003 Donati
794 1980 867 2010 sunt)
882 1978 891 2010 11
905 1977 1017 2010 quidam
1034 1998 1038 2002 .
1051 1997 1056 2002 .
1069 1997 1074 2002 .
1090 1977 1183 2002 furens
1202 1977 1261 2002 hab.
1273 1977 1396 2003 Ambros.
1412 1978 1421 2010 11
1438 1980 1468 2002 10

197 2015 453 2040 reconverterentur
464 2013 499 2043 F,
515 2013 627 2039 correxi.
647 2021 710 2038 cum
725 2014 928 2038 reverterentur
938 2013 1059 2038 Ambros.
1072 2015 1095 2038 et
1105 2012 1215 2038 Daniel.
1230 2013 1239 2046 11
1253 2012 1317 2038 dein
1327 2012 1463 2046 ΛΜΗ-031

198 2053 227 2075 11
244 2049 469 2083 impetrationem
485 2048 608 2074 Ambros.
623 2049 632 2081 11
647 2048 713 2082 quo]
733 2047 761 2073 in
778 2056 831 2081 quo
847 2048 969 2074 Ambros.
985 2049 993 2081 11
1007 2048 1081 2074 iacta
1098 2047 1126 2073 F
1138 2048 1146 2081 11
1163 2051 1193 2073 12
1214 2050 1307 2082 potest
1321 2049 1445 2074 Ambros,

197 2088 230 2111 14
249 2085 393 2111 auferebat
412 2084 443 2109 N
454 2084 463 2117 11
480 2087 510 2110 17
531 2083 656 2109 diuinum
674 2083 705 2108 N
717 2084 726 2116 11
740 2083 875 2117 templum
895 2084 961 2109 NH
973 2085 982 2117 11
1002 2087 1033 2109 18
1053 2084 1089 2109 acl
1109 2083 1187 2109 donis
1206 2092 1280 2117 supr.
1300 2091 1366 2110 vers.
1387 2084 1468 2109 sacri-

196 2120 265 2147 ficiis
285 2120 350 2154 quia
370 2121 398 2146 et
416 2119 522 2153 templa
540 2118 655 2145 donaria
674 2119 803 2144 dicuntur
824 2119 848 2144 T
868 2120 877 2152 11
901 2122 932 2144 21
954 2119 1025 2145 uiuit
1044 2119 1075 2144 H
1092 2120 1101 2152 11
1120 2118 1240 2145 consulit
1263 2120 1374 2153 proprie
1399 2119 1469 2144 dixit

197 2157 263 2189 quia
282 2155 421 2189 aruspices
441 2157 506 2181 tunc
526 2155 655 2180 dicuntur
674 2154 814 2180 consulere
834 2154 944 2187 quando
964 2154 1116 2188 inspiciunt
1135 2155 1199 2180 exta
1217 2158 1240 2181 et
1260 2155 1293 2180 ab
1313 2155 1371 2180 alia
1387 2163 1469 2180 marm

197 2193 261 2217 exta
280 2191 447 2225 singularem
470 2199 524 2216 non
543 2190 629 2216 habet
648 2191 678 2215 ut
697 2198 774 2215 arma
796 2190 819 2214 T
832 2191 841 2223 11
855 2190 965 2223 proprie
985 2189 1055 2216 dixit
1070 2210 1075 2215 .
1088 2212 1092 2216 .
1106 2211 1111 2215 .
1126 2191 1158 2216 ut
1177 2199 1254 2216 arma
1273 2190 1467 2216 hab.Amb1·os.

196 2229 345 2260 sequuntur
369 2226 434 2252 ibid.
459 2225 580 2252 comixta
603 2225 735 2259 grandine
760 2225 870 2251 nimbus
895 2234 1016 2251 murmur
1045 2225 1115 2251 caeli
1144 2226 1179 2252 ad
1208 2225 1358 2252 infaustum
1388 2233 1468 2251 omen

197 2262 330 2296 pertinet,
350 2262 415 2295 quia.
432 2261 537 2288 tonitru
553 2261 718 2287 dirimuntur
733 2260 863 2294 auspicia.
885 2262 918 2294 cf.
935 2262 971 2287 acl
985 2270 1008 2286 v.
1021 2264 1068 2287 161
1085 2261 1094 2294 11
1109 2264 1142 2287 24
1156 2262 1284 2287 sacerdos
1300 2261 1334 2293 L,
1354 2269 1420 2286 corr.
1437 2261 1447 2286 l
1461 2262 1469 2293 11

199 2300 232 2324 25
253 2297 310 2323 uim
329 2298 449 2324 amantis
465 2297 562 2323 FMJ:
581 2296 646 2322 uiua
665 2296 812 2322 mentis'N
814 2296 840 2322 L
848 2297 878 2322 H
900 2297 956 2322 uim
977 2297 1094 2323 amentis
1108 2305 1128 2322 u
1142 2298 1150 2331 11
1166 2300 1198 2323 26
1218 2296 1374 2322 sacerdotes
1392 2296 1469 2329 igna-

197 2341 244 2359 rae
264 2341 330 2367 ergo
350 2334 452 2359 amoris
471 2332 583 2366 reginae
603 2333 668 2365 quia
687 2334 852 2358 monuerunt
875 2341 928 2358 non
953 2332 1118 2358 credituram
1141 2333 1207 2365 quia
1225 2332 1275 2358 illa
1298 2332 1373 2364 (illae
1394 2332 1469 2357 Gom-

252 2382 324 2402 Servii
338 2388 417 2402 comm.
434 2382 482 2401 Vol.
498 2383 516 2401 Ι.
532 2383 596 2401 Fuso.
610 2382 642 2400 11.
1225 2380 1255 2402 31

1484 673 1516 695 10

1487 941 1518 964 15

1487 1209 1519 1232 20
