1690 2611
690 135 906 162 PRAEFATIO.
1299 137 1439 165 LXXXIII

159 219 335 260 scripturas
360 219 538 259 invenitur,
566 229 660 259 quem
689 217 809 248 librum
838 228 854 248 e
884 217 990 249 Gallia
1019 219 1052 249 in
1081 218 1213 250 Italiam
1242 220 1438 252 translatum

159 273 259 304 videri
283 284 381 313 supra
405 272 480 304 dixi.
518 272 656 304 fortasse
681 271 840 302 doctiores
871 282 909 302 ex
933 271 985 302 his
1010 282 1090 312 quae
1116 272 1239 304 scholio
1265 274 1304 304 ad
1329 284 1438 316 georg.

157 326 172 357 I
197 326 238 358 88
263 325 334 364 (fol.
362 324 417 357 18¹>
442 324 534 367 extr.)
559 325 670 356 addita
694 327 769 356 sunt
798 327 825 356 eb
848 327 891 356 tot
907 325 1001 356 intali
1026 326 1116 357 Ναίδα
1144 327 1283 358 medardi
1312 339 1374 368 quo
1404 328 1437 359 in

158 380 355 411 monasterio
380 381 436 410 aut
459 379 529 421 ipse
553 379 636 410 liber
660 380 716 410 aut
744 378 811 409 eius
838 378 1032 420 archetypus
1063 380 1202 420 scriptus
1235 381 1278 411 sit
1307 381 1438 413 investi-

157 434 290 475 gabunt.
333 445 396 474 qua
419 433 452 464 in
475 444 509 464 re
533 433 614 464 illud
637 432 811 464 dolendum
837 434 886 463 est
910 433 995 474 quod
1012 444 1049 464 ex
1065 433 1275 474 inscriptione
1292 435 1438 475 quadam,

158 498 239 528 quae
264 498 336 519 011111
361 487 422 518 duo
447 486 526 518 folia
549 487 624 518 libri
647 486 757 518 tuendi
781 497 878 518 causa
902 487 1045 527 praefixa
1075 487 1141 518 sint
1169 487 1202 518 in
1228 487 1359 519 alterius
1384 500 1438 530 pa-

158 541 235 582 gina
258 551 352 572 versa
377 540 415 571 ab
440 540 570 571 homine
596 539 717 571 saeculi
742 539 857 571 decimi
882 539 987 580 quinti
1006 540 1115 581 posita
1140 543 1202 580 est,
1227 541 1361 573 verbum
1387 553 1436 573 ex-

158 598 298 626 tremum
329 593 404 635 quid
433 593 496 625 sibi
520 593 600 625 velit
631 605 696 625 non
726 595 836 634 potest
868 593 1064 634 cognosci¹):
1096 594 1219 635 reliqua
1252 606 1332 636 quae
1364 598 1439 626 sunt

158 649 232 680 liber
255 648 354 680 ouidii
376 647 590 679 bucollieormn
614 649 642 678 et
663 649 707 678 est
729 647 858 687 capituli
881 646 975 678 facile
999 647 1160 688 leguntur.

246 701 418 733 Servianus
443 700 696 732 commentarius
717 711 754 731 ex
774 700 860 732 bono
876 701 1053 741 exemplari
1078 712 1096 732 a
1120 701 1268 742 pluribus
1294 701 1435 733 librariis

158 756 237 787 satis
270 755 444 796 diligenter
474 754 508 785 in
539 754 703 795 margines
735 754 830 785 huius
863 754 981 786 codicis
1011 755 1227 795 transcriptus
1259 757 1316 786 est.
1355 755 1439 787 inter

157 820 270 840 versus
293 808 431 850 Vergilii
455 807 604 839 breviora
628 807 752 839 scholia
775 808 997 849 inveniuntur,
1023 819 1104 849 quae
1128 808 1316 849 plerumque
1337 820 1352 839 e
1369 808 1438 840 Ser-

157 863 260 894 vianis
293 863 445 903 excerpta
478 863 567 902 sunt,
596 861 765 902 perpaucis
800 861 879 893 locis
910 873 981 893 cum
1011 861 1191 893 Danielinis
1221 863 1437 903 consentiunt,

157 916 257 948 veluti
280 915 360 947 Aen.
384 915 399 946 I
423 916 466 947 20
489 916 576 954 olim]
601 915 783 955 aliqnando,
807 914 838 945 II
863 916 905 946 (35
929 916 1041 956 accipe]
1068 916 1087 947 ί.
1112 926 1135 946 e.
1159 916 1235 947 andi
1259 927 1274 947 o
1299 917 1378 954 dido,
1402 916 1433 946 ΙΙ

160 970 221 1001 196
252 971 376 1009 coactis]
408 970 465 1001 πίω
495 969 657 1010 expressis,
688 968 768 1000 VIH
793 969 857 1000 252
889 970 1103 1001 consuetudine
1133 980 1190 1001 sua
1224 980 1299 1001 usus
1329 973 1372 1001 est
1400 973 1435 1001 ut

160 1023 282 1063 quando
306 1025 412 1055 contra
434 1025 583 1054 metm-am
607 1023 728 1062 aliquid
754 1022 849 1061 infert
865 1023 1028 1062 praedicat
1051 1024 1131 1054 mede
1154 1024 1303 1054 credatur.

246 1077 370 1108 Eodem
401 1087 462 1117 quo
488 1075 746 1117 Hamburgensis
778 1076 906 1107 saeculo
939 1077 1077 1117 scriptus
1113 1079 1162 1107 est
1192 1076 1437 1108 Monacensis

158 1131 253 1162 6394.
290 1130 318 1161 is
343 1129 421 1161 olim
445 1129 507 1160 fuit
530 1128 747 1171 Frisingensis
775 1129 845 1160 194.
883 1129 984 1161 habet
1012 1131 1072 1161 193
1098 1130 1177 1162 folia
1201 1130 1323 1162 formae
1351 1131 1438 1162 bina-

156 1185 237 1225 riae,
262 1183 317 1216 sed
341 1183 475 1215 minoris
501 1193 680 1214 mensurae,
722 1183 756 1214 in
782 1183 918 1225 singulis
939 1184 1068 1224 paginis
1089 1184 1278 1225 plerumque
1304 1184 1438 1226 quadra—

158 1238 232 1279 geni
257 1237 405 1278 quaterni
434 1248 546 1268 versus
576 1239 659 1268 sunt.
702 1237 953 1268 commentarius
982 1237 1016 1268 in
1046 1237 1193 1269 bucolica
1221 1249 1285 1269 non
1315 1240 1364 1269 est
1391 1239 1438 1269 in-

156 1293 260 1333 teger:
291 1291 418 1322 interiit
449 1291 534 1322 enim
566 1291 672 1322 maior
702 1301 777 1331 pars
803 1290 1016 1332 praefationis
1049 1290 1104 1331 (ad
1135 1291 1232 1322 verba
1257 1302 1338 1332 quae
1363 1295 1438 1323 sunt

156 1345 299 1376 carmina
324 1347 444 1376 tantum
467 1347 573 1376 nostra
601 1345 702 1376 valent
726 1355 750 1375 e.
776 1355 804 1385 q.
829 1343 867 1386 s.)
896 1346 928 1375 et
957 1344 1079 1376 scholia
1108 1345 1146 1376 ad
1175 1344 1232 1376 ecl.
1255 1344 1304 1375 III
1330 1346 1370 1376 75
1396 1364 1436 1367 —

157 1398 203 1429 IX
227 1398 278 1429 67.
320 1398 442 1430 accedit
467 1399 552 1440 quod
575 1398 656 1430 folia
684 1399 718 1429 111
748 1398 863 1439 quibus
889 1399 1112 1429 commentarii
1142 1398 1295 1439 reliquiae
1326 1401 1437 1430 extant

158 1452 293 1483 disiecta
317 1454 399 1483 sunt.
442 1452 474 1483 in
500 1452 654 1493 georgica
673 1453 925 1483 commentarius
946 1452 1039 1493 plene
1060 1454 1207 1483 servatus
1233 1454 1295 1493 est,
1321 1452 1376 1483 sed
1398 1464 1435 1483 ea

156 1505 237 1537 folia
267 1516 348 1546 quae
378 1505 614 1546 praefationem
646 1507 678 1537 et
710 1505 835 1537 scholia
865 1506 905 1537 ad
935 1505 950 1536 I
983 1507 1088 1537 1—47
1122 1506 1244 1537 habent
1274 1518 1331 1537 suo
1364 1507 1433 1538 1000

157 1560 247 1590 mota
271 1561 303 1590 et
327 1561 402 1600 post
431 1558 485 1590 fol.
510 1560 538 1590 3.
577 1570 746 1600 perperam
775 1560 897 1591 inserta
925 1561 1009 1591 sunt.
1050 1560 1242 1600 inscriptum
1271 1561 1320 1591 est
1348 1571 1434 1591 com-

156 1612 315 1644 mentario
340 1621 471 1644 INCIPIT
497 1621 601 1644 mena
621 1622 632 1644 1
657 1621 874 1653 GEORGICON,
899 1613 1118 1654 subscriptum
1135 1611 1203 1650 (fol.
1218 1611 1289 1654 40³)
1315 1622 1436 1644 nxpm-

157 1673 212 1696 crr
236 1674 339 1697 LIBER
363 1675 424 1698 1111.
462 1666 614 1698 Aeneidis
640 1667 891 1697 commentarius
915 1667 1031 1707 incipit
1054 1667 1108 1698 fol.
1133 1665 1191 1697 40¹³
1220 1667 1362 1707 (INCIPIT
1388 1676 1436 1699 LI-

156 1728 222 1750 BER
236 1727 265 1750 ·1·
289 1718 491 1760 AENEIDOS),
508 1720 575 1751 exit
589 1719 644 1751 fol.
661 1718 738 1750 193¹³
765 1719 850 1750 Vtere
869 1723 947 1751 sorte
966 1721 1032 1759 teca]
1054 1721 1189 1760 interfice
1207 1720 1318 1752 hostem
1340 1723 1435 1752 tumn.

155 1772 263 1813 plures
287 1772 438 1804 librarios
462 1773 496 1804 in
519 1773 627 1805 codice
653 1773 820 1804 scribendo
837 1772 949 1804 eodem
969 1776 1115 1815 tempore
1137 1776 1310 1815 occupatos
1336 1774 1444 1806 fuisse·

157 1836 229 1856 cum
253 1826 428 1866 scripturae
457 1826 718 1858 dissimilitudine
748 1829 817 1858 tum
847 1838 883 1858 ea
912 1838 946 1858 re
972 1827 1153 1858 ostenditur
1182 1827 1267 1868 quod
1297 1828 1435 1869 paginae

157 1879 327 1920 quaedam,
352 1880 412 1911 etsi
434 1880 516 1911 nihil
542 1891 558 1911 e
587 1879 742 1912 Serviano
772 1881 1005 1912 commentario
1036 1881 1192 1912 omissum
1222 1884 1285 1922 est,
1315 1882 1435 1922 partim

157 1943 275 1963 vacuae
298 1933 429 1964 relictae
454 1936 486 1965 et
514 1934 643 1965 litterae
671 1936 707 1964 ut
736 1945 787 1965 res
816 1934 1007 1975 postulabat
1037 1934 1131 1965 modo
1162 1934 1310 1966 diductae
1340 1935 1434 1966 modo

156 1987 341 2017 contractae
372 1988 454 2018 simt.
502 1986 599 2018 homo
637 1987 816 2018 duodecimi
849 1989 903 2018 aut
937 1987 1052 2019 decimi
1084 1988 1173 2018 tertii
1215 1988 1334 2019 saeculi
1371 2000 1435 2019 non

156 2040 254 2071 nullis
278 2040 358 2071 10015
383 2042 574 2082 argumenta
602 2041 800 2072 scholiorum
825 2041 858 2072 in
887 2042 1032 2082 margine
1057 2042 1167 2083 paucis
1192 2041 1435 2082 comprehendit

156 2095 188 2124 et
213 2093 439 2125 adnotationes
463 2093 618 2134 quasdam
651 2094 780 2132 adiecit,
816 2105 896 2135 quas
921 2095 948 2125 si
973 2095 1081 2135 aliqua
1105 2095 1143 2126 de
1168 2106 1266 2126 causa
1290 2095 1368 2126 utile
1389 2096 1433 2126 vi-

156 2147 292 2178 debatur
302 2147 336 2178 in
346 2147 458 2179 critico
474 2147 705 2178 commentario
722 2148 981 2179 commemoravi.
1006 2148 1192 2189 corrigendo
1209 2148 1310 2180 codici
1326 2149 1433 2189 plures

156 2211 287 2241 operam
311 2200 475 2241 dederunt,
500 2211 635 2241 quorum
660 2201 836 2241 scripturas
850 2203 892 2231 ‘m
916 2201 1008 2242 signo
1033 2201 1141 2233 addito
1167 2201 1310 2233 discrevi.

246 2324 273 2357 1)
293 2323 417 2350 dubitari
435 2324 529 2357 potest
548 2324 640 2349 utrum
659 2315 728 2357 (τῆς).
749 2331 784 2349 an
803 2315 872 2358 εἷίρ.
893 2332 929 2350 an
954 2324 1030 2351 aliud
1050 2325 1117 2358 quid
1136 2326 1283 2360 legendum
1300 2324 1347 2351 sit:
1367 2332 1431 2350 nam

157 2363 268 2397 praeter
287 2365 441 2390 extremam
461 2364 538 2390 nulla
556 2363 651 2390 littera
670 2364 745 2390 certa
764 2363 814 2390 est.
847 2364 852 2370 '
