1690 2611
439 109 550 154 COMM.
571 109 610 134 IN
629 108 735 134 VERG.
755 109 837 134 AEN.
860 109 878 135 Ι,
901 113 1047 135 199-204.
1343 108 1382 138 79

103 189 257 228 praesenti
279 192 374 221 estote.
467 199 704 227 MAESTVMQVE
725 199 882 221 TIMOREM
906 190 990 230 quod
1011 192 1152 220 maestos
1172 191 1204 220 et
1224 189 1382 220 sollicitos

84 241 217 283 faciat,
241 246 277 273 ut
301 242 403 274 emors
427 242 566 284 pallida'
592 245 623 274 et
648 243 768 274 ‘tristis
794 243 965 274 senectus'.
1349 274 1353 281 ,

193 295 266 326 203.
300 305 445 327 MITTITE
466 307 525 337 pro
549 296 699 327 omittite.
730 299 762 327 et
786 298 836 327 est
859 299 973 336 tropus
998 296 1196 336 aphaeresis,
1221 294 1381 338 quomodo

104 349 246 380 temnere
269 360 328 390 pro
353 352 564 380 contemnere.
655 358 789 380 FORSAN
816 349 927 380 forsan
955 349 1104 380 fortassis
1134 350 1270 381 forsitan
1298 350 1382 381 forte

105 401 186 442 fors,
210 405 245 433 ut
264 403 342 441 fors
365 406 397 434 et
419 405 501 434 vota
527 403 624 442 facit
646 405 673 433 et
697 403 862 441 forsitan
891 405 924 433 ct
946 402 1095 433 Priami
1120 404 1265 441 fecerint
1291 414 1383 443 quae

102 454 186 493 fata
215 457 394 496 requiras.
443 457 496 487 sed
524 456 629 487 onmia
658 455 730 486 haec
760 467 856 486 unum
890 455 1088 496 significant,
1119 456 1175 487 sed
1206 457 1292 487 varie
1324 468 1381 497 pro

106 508 201 539 metri
224 510 350 540 ratione
374 511 546 550 ponuntur.
592 509 705 540 <licitur
729 512 829 540 tamen
859 512 887 539 et
910 508 1075 549 ‘fbrtasse’7
1106 511 1141 539 ‘ut
1166 509 1324 540 Terentius
1348 512 1383 540 tu

102 562 277 601 fortasse,
305 573 396 602 quac
425 563 482 594 hie
509 563 612 601 facta
642 565 740 603 sunt,
774 563 901 594 nescis.
992 571 1079 593 0L1M
1108 563 1202 593 modo
1227 563 1382 603 temporis

103 614 204 646 futuri
229 618 286 647 est.
359 624 548 647 MEMINISSE
574 615 705 646 memini
730 618 761 646 et
781 616 967 657 genetivum
991 616 1077 657 regit
1101 617 1133 646 et
1152 616 1382 656 accusativum3

105 668 239 699 dicimus
265 668 348 699 enim
373 671 405 699 et
428 668 561 699 memini
581 669 741 700 malorum
767 672 798 700 et
818 669 950 700 memini
970 669 1067 700 mala:
1089 671 1120 700 et
1139 669 1225 700 iusta
1243 669 1383 710 ratione3

104 732 178 752 nam
201 722 376 753 memoriae
401 722 522 753 oblivio
548 722 710 753 contraria
735 725 791 753 est.
821 725 853 753 et
873 723 1046 754 obliviscor
1065 723 1217 754 similiter
1237 725 1269 753 et
1289 732 1382 763 gene-

104 774 207 805 tivum
239 775 324 815 regit
352 776 384 805 et
415 775 646 816 accusativum,
680 778 715 806 ut
748 776 985 807 obliviscere
1019 776 1145 806 caedis
1179 779 1294 816 atque
1327 776 1382 806 in-

104 828 326 859 cendiorum
359 831 391 859 et
424 828 639 859 obliviscor
672 829 837 859 iniurias
870 831 956 860 tuas
987 828 1144 860 Clodia.'
1168 829 1228 868 [sic
1256 829 1383 860 Tullius

105 880 239 920 Cicero]
334 891 476 912 IVVABIT
506 882 605 913 futuri
634 882 790 922 temporis
820 885 877 913 est.
927 883 1022 913 huius
1048 885 1155 914 autem
1179 883 1269 914 verbi
1292 893 1382 923 prae-

104 935 238 966 teritum
261 935 439 976 perfectum
468 935 653 966 anomalum
683 938 740 966 est.
790 947 865 966 nam
894 947 964 966 cum
994 936 1116 977 primae
1146 936 1384 977 conjugationis

105 988 204 1019 verba
231 991 376 1030 tempore
408 988 551 1029 perfecto
586 991 643 1020 aut
673 989 706 1019 in
739 989 789 1020 avi
820 992 948 1030 exeant,
978 992 1014 1020 ut
1050 990 1168 1029 amavi,
1205 992 1260 1021 aut
1290 990 1323 1020 in
1351 991 1384 1021 ui

105 1041 259 1082 solutam,
282 1044 318 1072 ut
340 1043 445 1083 tonui,
469 1042 530 1073 hoc
554 1043 686 1073 verbum
710 1053 811 1083 neque
836 1043 944 1073 iuvavi
969 1043 1048 1073 facit
1073 1053 1176 1084 neque
1200 1042 1303 1083 immi,
1328 1043 1382 1075 sed

104 1094 184 1135 iuvi,
208 1098 244 1126 ut
262 1095 409 1126 Lucanus
430 1096 529 1126 iuvit
553 1098 705 1136 sumpta
729 1096 872 1136 ducem,
892 1096 992 1127 iuvit
1016 1096 1178 1127 dimissa
1200 1099 1385 1136 potestas.

192 1150 329 1188 morem]
354 1149 460 1180 *sicut
482 1159 564 1180 nunc
584 1142 922 1189 priorum'mcnn'nisse
941 1150 1034 1180 iuvat.
1071 1152 1099 1180 et
1121 1150 1211 1180 multi
1236 1149 1384 1181 ‘iuvabit’

103 1211 167 1232 mm
189 1202 356 1240 delectabit,
379 1203 431 1234 sed
453 1213 527 1234 usus
550 1204 608 1234 erit
631 1203 792 1234 traducat*

192 1255 265 1286 204.
299 1264 365 1286 PER
389 1264 514 1287 vAfflos
540 1264 644 1287 CAsvs
670 1258 897 1297 argumentum
922 1268 941 1286 a
961 1256 1220 1296 conpensatione.
1266 1259 1294 1287 et
1316 1257 1385 1288 bene

104 1308 228 1339 dicendo
258 1308 378 1340 ‘casus'
414 1311 442 1340 ct
469 1308 681 1340 ‘discrimina’
709 1311 880 1349 ln‘aetcrita
912 1312 1065 1347 attmwat;
1098 1321 1193 1349 neque
1226 1310 1307 1341 enim
1340 1311 1386 1341 ait

105 1361 283 1401 ‘pericula'.
339 1362 472 1393 ‘rerum'
507 1366 609 1394 antem
640 1366 739 1403 potest
770 1367 797 1394 et
828 1364 911 1394 salvo
946 1355 1035 1395 sensus
1069 1364 1176 1394 emisti.
1277 1372 1384 1394 SEDES

175 1479 192 1501 4
211 1476 304 1502 forsan
324 1484 347 1502 e.
362 1485 387 1509 q.
404 1476 439 1511 s.]
459 1476 493 1502 cf.
515 1476 618 1503 Charis⁴
639 1487 664 1511 p.
686 1480 745 1510 185,
768 1481 798 1503 13
819 1486 877 1510 sqq.
898 1478 929 1505 K.
954 1479 963 1511 ΙΙ
987 1480 1001 1503 5
1023 1477 1091 1511 fors]
1112 1479 1144 1503 A.
1160 1477 1198 1503 XI
1217 1481 1250 1503 50
1274 1479 1283 1510 ΙΙ
1306 1478 1385 1503 forsi-

105 1511 165 1545 tan]
186 1512 216 1538 A.
237 1511 263 1536 II
283 1514 333 1538 506
356 1513 365 1545 [Ι
390 1515 403 1537 7
424 1513 582 1547 Terentius]
608 1521 669 1539 eun.
690 1513 713 1538 V
734 1516 762 1546 S,
783 1517 815 1539 31
838 1514 884 1539 ‘tu
909 1513 1023 1539 fortasse
1048 1521 1118 1546 quae
1142 1514 1217 1539 tacta
1242 1513 1288 1539 hie
1314 1513 1387 1539 sient

106 1547 220 1572 neseis'.
243 1548 253 1580 ΙΙ
278 1550 308 1573 1-2
330 1547 506 1582 obliviscere]
528 1548 582 1574 Cic.
602 1548 631 1574 in
651 1548 709 1574 Cat.
729 1549 739 1574 Ι
759 1552 783 1582 3,
804 1552 818 1575 6
843 1550 852 1582 ΙΙ
877 1552 908 1574 13
930 1549 1090 1583 obliviscor]
1111 1548 1236 1582 Cicrpro
1253 1549 1326 1575 Cael.
1343 1552 1384 1582 20,

106 1585 138 1608 50
162 1583 171 1615 ΙΙ
196 1584 227 1608 18
247 1583 387 1617 Lucanus]
408 1584 445 1609 IX
465 1587 516 1609 200

177 1692 190 1714 1
211 1689 297 1724 quod]
318 1689 365 1722 qui
386 1690 472 1723 02112
493 1691 562 1716 facit
579 1691 637 1716 BL
661 1691 759 1723 (faciat
778 1692 850 1724 0113
876 1692 912 1717 ad
933 1700 954 1716 z:
971 1694 1022 1717 ⁴203
1042 1691 1159 1726 Mittite]
1184 1700 1234 1726 pro
1254 1691 1385 1718 omittite.

107 1724 276 1758 aphaeresis.
318 1725 435 1760 Forsan]
460 1726 542 1752 forsis
566 1727 681 1753 forsitan
705 1728 776 1752 forte
802 1728 919 1753 fortasse
939 1727 994 1752 fors
1013 1729 1044 1753 ut
1065 1727 1137 1753 ‘fors
1163 1729 1190 1753 et
1214 1729 1281 1753 uota
1300 1727 1384 1753 faeit'

105 1760 220 1793 (faciet).
250 1760 298 1786 sed
317 1761 410 1787 omnia
429 1762 498 1788 haec
517 1771 602 1788 unum
623 1762 782 1795 significant
801 1764 829 1788 et
847 1763 923 1788 uarie
943 1771 993 1795 pro
1013 1763 1094 1788 metri
1110 1763 1216 1789 ratione
1236 1764 1384 1796 ponuntur.

107 1795 193 1829 Olim]
212 1796 346 1829 temporis
366 1797 452 1823 futuri
471 1797 562 1824 modo.
600 1798 772 1831 Meminisse]
793 1798 906 1823 memini
928 1820 932 1824 .
950 1819 955 1823 .
973 1819 977 1824 .
998 1798 1081 1824 mala.
1120 1798 1241 1832 iuuabit]
1263 1798 1311 1824 alii
1331 1807 1386 1824 non

106 1830 259 1856 delectabit
278 1832 326 1857 sed
344 1841 408 1858 usus
428 1833 481 1858 erit
499 1833 622 1859 tradunt.
661 1836 702 1859 est
722 1838 815 1859 autem
835 1833 921 1859 futuri
940 1834 1082 1867 temporis.
1121 1842 1185 1860 sane
1207 1834 1287 1859 huius
1307 1834 1385 1859 uerbi

106 1866 287 1899 praeteritum
310 1867 465 1900 perfectum
565 1870 697 1902 potestas.
725 1869 751 1894 P
772 1870 781 1902 ΙΙ
805 1869 938 1903 omittite]
968 1871 996 1895 et
1019 1869 1088 1895 bene
1113 1870 1180 1902 quia
1204 1871 1387 1903 praemiserat

106 1902 235 1927 reuocate
255 1901 364 1928 addidit
381 1903 484 1929 mittite
505 1905 567 1930 add.
589 1904 623 1930 02
642 1905 673 1930 in
692 1913 776 1938 marg).
801 1905 809 1937 ΙΙ
834 1907 861 1930 et
880 1904 933 1938 est]
956 1906 997 1930 est
1015 1907 1109 1931 autern
1131 1905 1153 1931 0
1174 1906 1183 1938 ΙΙ
1207 1908 1223 1930 4
1242 1908 1385 1938 tempnere

107 1937 158 1963 GL
166 1937 203 1962 M
220 1938 229 1970 ΙΙ
247 1938 391 1971 tempnere
411 1939 434 1965 0
451 1941 645 1973 contempnere
666 1940 756 1965 &Ml
776 1942 941 1966 eontcnnere
962 1940 986 1965 L
1005 1941 1014 1973 ΙΙ
1032 1940 1126 1966 forsan
1147 1961 1151 1965 .
1169 1962 1174 1966 .
1192 1962 1196 1967 .
1217 1940 1286 1975 fors]
1305 1940 1386 1966 forsis

107 1972 225 2009 forsitan
248 1972 318 1999 forte
342 1973 398 1999 fors
424 1974 446 2000 0
473 1974 608 2007 (fortassis
624 1978 687 2008 post
707 1975 825 2001 forsitan
843 1984 918 2008 supr.
938 1984 1004 2001 vers.
1025 1977 1088 2003 add,
1111 1976 1134 2002 0
1141 1977 1159 2007 ²)
1183 1977 1192 2010 ΙΙ
1215 1980 1230 2002 6
1258 1978 1286 2002 et
1309 1976 1386 2001 uarie

106 2008 129 2034 0
151 2009 160 2041 ΙΙ
184 2008 246 2042 pro]
272 2010 386 2042 propter
404 2009 446 2041 B,
466 2018 515 2035 om.
536 2010 567 2035 K
586 2011 595 2044 ΙΙ
619 2014 633 2036 9
655 2011 857 2037 accussatiuum
882 2013 914 2037 ut
938 2011 1102 2037 obliviscere
1123 2012 1145 2038 0
1169 2011 1288 2037 dicimus
1313 2011 1386 2037 enini

347 2059 355 2071 1

106 2080 228 2106 omittens
251 2080 260 2113 ΙΙ
285 2082 316 2105 12
337 2080 454 2106 luiscere
473 2080 505 2105 K
522 2080 672 2107 obliuiscor
691 2081 715 2106 L
735 2082 744 2114 l]
766 2085 796 2107 13
817 2081 967 2108 obliuisear
986 2091 1018 2108 (ππ
1039 2082 1189 2108 obliuiscor
1208 2082 1241 2107 H
1261 2083 1270 2115 ΙΙ
1294 2082 1386 2108 clodia

106 2115 138 2140 K
155 2124 170 2141 ο
191 2115 283 2141 clodia
303 2116 311 2141 l
335 2116 343 2149 Η
367 2115 405 2141 sic
426 2115 533 2141 Tullius
553 2116 648 2142 Cicero
668 2124 717 2142 om.
738 2117 795 2143 BC
813 2118 874 2150 (pro
895 2117 987 2143 clodia
1007 2117 1045 2143 sie
1065 2118 1162 2143 tullius
1183 2118 1271 2144 cicero
1292 2118 1385 2151 posuit

108 2150 142 2175 0³
160 2159 236 2184 supr.
257 2154 333 2183 vers.)
357 2152 366 2185 ΙΙ
392 2154 423 2176 14
443 2160 550 2177 IVVABIT
570 2151 640 2177 sicut
659 2161 731 2177 nunc
754 2173 759 2178 .
777 2173 782 2177 .
799 2174 804 2178 .
824 2153 937 2178 tradunt
961 2154 1003 2178 est
1022 2154 1115 2179 autem
1134 2153 1222 2179 futuri
1240 2154 1383 2186 temporis.

107 2194 172 2212 sane
192 2186 273 2212 huius
292 2187 370 2212 uerbi
391 2187 414 2213 C
435 2188 443 2219 ΙΙ
468 2190 499 2212 16
520 2186 559 2220 ui]
580 2187 627 2212 aui
647 2187 700 2213 C³l
722 2188 731 2220 l}
757 2191 786 2213 17
807 2187 896 2221 iuvui]
917 2188 994 2214 iubui
1014 2188 1045 2213 K
1066 2189 1124 2214 iuui
1144 2189 1166 2215 C
1189 2189 1288 2222 (iuuiui
1308 2188 1356 2221 0³)
1376 2189 1384 2221 J]

109 2223 140 2246 18
159 2221 217 2248 iuvi
235 2222 278 2256 ut]
302 2222 382 2248 iuuut
401 2223 432 2247 K
457 2222 509 2248 init
527 2226 559 2247 ut
579 2221 602 2248 C
627 2222 710 2255 (iuuit
732 2224 763 2249 ut
790 2223 838 2255 02)
867 2223 958 2249 iuuiut
977 2232 1009 2249 ca:
1033 2223 1131 2250 inuaut
1155 2225 1188 2249 Η
1207 2225 1216 2257 ΙΙ
1240 2225 1332 2249 sumta
1356 2223 1387 2248 Κ

107 2257 221 2292 sfiptasss
239 2257 263 2282 L
278 2259 287 2291 ΙΙ
300 2257 372 2283 iuuit
391 2266 423 2283 eac
442 2258 512 2283 iouis
534 2258 557 2283 0
573 2257 646 2283 iunis
667 2258 693 2282 P
706 2259 714 2291 ΙΙ
729 2258 848 2284 demissa
868 2259 891 2284 0
908 2259 1013 2285 demisa
1034 2260 1060 2284 Ι1
1072 2261 1081 2293 11
1096 2263 1125 2285 21
1149 2261 1185 2285 ad
1206 2268 1226 2285 r.
1244 2262 1295 2285 *204
1315 2259 1384 2284 Teu—

108 2292 197 2318 dimus
221 2293 342 2327 quietas]
367 2294 465 2319 habuit
489 2293 563 2319 enim
588 2293 666 2318 sedes
764 2292 913 2328 accipiunt.
940 2295 967 2319 P
989 2296 997 2328 ΙΙ
1020 2303 1070 2328 per
1094 2295 1338 2329 conpensationem
1364 2294 1387 2319 G

108 2328 186 2361 (corr.
207 2329 252 2361 0³)
275 2330 284 2362 ΙΙ
307 2331 340 2354 23
361 2339 439 2354 sanas
460 2338 503 2354 vm
524 2338 590 2354 mum
610 2338 721 2357 ovinius
743 2331 764 2353 (¹

1402 410 1416 431 U*

1404 676 1415 697 1
1420 676 1435 697 (J

1405 942 1436 965 15

1403 1209 1437 1231 20
