1690 2611
537 118 650 146 COMM.
670 118 709 144 IN
728 117 835 145 VERG.
856 117 937 144 AEN.
958 118 990 144 V.
1011 121 1160 145 460—496.
1425 116 1490 147 629

300 200 374 232 484.
413 208 566 232 cAEs'rvs
594 208 787 237 ARTEMQVE
816 208 966 231 REPONIT
1001 202 1033 231 et
1067 211 1157 231 arma
1189 200 1340 241 deposuit
1368 203 1401 231 et
1429 201 1491 232 arti

211 253 425 293 renuntiavit,
449 254 482 285 id
506 255 556 285 est
578 252 759 285 κατάλυσιν
783 253 869 284 fecit.

300 307 374 338 487.
412 315 627 346 1NGENT1QVE
644 316 744 339 MANV
767 316 886 347 magna
911 306 1127 338 multitudine.
1207 316 1331 339 MALvM
1351 307 1491 348 ‘malus’,

212 360 309 391 arbor
336 361 442 401 navis,
474 361 601 402 generis
630 363 680 392 est
709 359 893 392 masculini:
930 359 1085 391 Horatius
1113 372 1183 392 nec
1216 361 1338 393 malus
1372 361 1490 393 celeri

212 414 365 445 saucius
390 413 533 445 Africo.
581 417 613 446 et
637 414 740 446 dictus
765 416 815 445 est
839 413 957 453 malus,
985 413 1035 444 vel
1065 414 1138 455 quia
1164 414 1263 446 habet
1286 415 1390 446 instar
1413 415 1491 446 mali
1511 421 1525 443 5

211 467 245 498 in
266 467 466 507 summitate,
489 467 541 498 vel
562 468 638 509 quia
657 468 749 509 quasi
770 467 962 508 quibusdam
982 467 1077 498 malis
1097 467 1216 509 ligneis
1237 469 1392 510 cingitur,
1414 480 1491 510 quo-

211 532 282 552 rum
307 520 511 552 volubilitate
536 521 606 552 vela
629 521 756 552 facilius
782 520 957 552 elevantur.

299 574 373 605 488.
412 583 585 606 TRAIECTO
607 576 752 606 extento:
775 573 859 605 uude
882 576 1058 605 transenna
1082 574 1201 605 dieitur
1221 577 1367 607 extentus
1391 576 1491 607 funis:

211 626 385 659 Sallustius
418 627 641 659 machinato
676 628 845 668 strepitu
883 630 1095 659 transenna
1128 638 1273 659 corona
1306 629 1344 660 in
1377 632 1492 670 caput

211 681 481 722 inponebatur.
1511 688 1544 711 10

298 734 372 766 489.
410 743 478 772 QVO
498 735 533 765 in
552 745 662 776 quam:
682 745 757 766 nam
777 734 869 775 ponit
883 734 1037 766 adverbia
1054 746 1111 776 pro
1126 735 1326 775 nominibus,
1344 739 1380 767 ut
1395 735 1431 775 <I
1447 737 1488 776 6>

211 798 328 829 genus
352 788 448 819 unde
472 788 663 820 Latinum.

297 841 371 872 491.
409 850 574 873 CLAMORE
604 850 764 873 SECVNDO
795 842 876 873 sicut
906 852 1002 882 supra
1031 841 1113 872 dixit
1142 841 1248 882 (369)
1279 853 1489 884 magnoque

211 895 333 926 virum
357 906 395 926 se
420 906 611 926 murmure
635 895 752 926 tollit.

297 948 371 979 493.
409 957 505 987 QVEM
528 958 629 981 MODO
654 949 687 980 id
711 951 761 980 est
783 940 1001 990 nuperz'nam
1025 952 1062 980 ut
1086 961 1184 991 supra
1209 950 1361 991 diximus,
1386 951 1490 983 victor
1511 957 1542 979 15

209 1001 272 1032 fuit
295 1001 439 1033 duorum.
482 1002 632 1034 Vrbanus
658 1014 732 1034 vero
758 1003 837 1034 dicit
861 1002 981 1034 emodo’
1005 1004 1252 1044 propemodum,
1276 1015 1390 1045 paene:
1414 1016 1489 1036 nam

210 1055 365 1087 secundus
395 1056 466 1087 fuit.
513 1056 567 1087 alii
597 1056 734 1088 ‘victor’
764 1057 832 1088 voti
863 1068 996 1097 compos
1028 1057 1152 1096 volunt,
1185 1060 1221 1088 ut
1254 1058 1489 1099 rapidusque

209 1109 308 1140 rotis
338 1109 522 1140 insistere
553 1110 690 1141 victor:
720 1113 891 1150 optaverat
920 1110 1005 1141 enim
1036 1122 1075 1141 ne
1105 1111 1223 1142 rediret
1252 1114 1425 1151 extremus,
1455 1115 1490 1143 ut

209 1162 315 1202 <196>
339 1162 409 1193 hoe
432 1163 580 1194 vincite
605 1163 716 1194 cives.

298 1216 371 1247 496.
411 1224 614 1248 CLARISSIME
638 1225 773 1248 FRATER
800 1226 961 1249 PANDARE
987 1218 1170 1256 notissime,
1199 1219 1253 1259 qui
1284 1219 1346 1250 fuit
1370 1219 1488 1260 Lycao·
1508 1225 1542 1248 20

208 1269 259 1300 nis
284 1269 380 1300 filius.
417 1269 582 1301 Pandarus
603 1272 709 1301 autem
735 1271 812 1310 [quc]
837 1271 1011 1302 secundum
1032 1270 1209 1302 Homerum
1229 1271 1394 1303 Minervae
1417 1284 1488 1313 per-

209 1323 356 1354 suasione
386 1325 548 1355 oertamen
579 1324 740 1364 singulare
769 1323 910 1355 Menelai
940 1327 972 1355 et
1000 1324 1139 1365 Paridis,
1173 1336 1243 1356 cum
1273 1326 1306 1356 in
1337 1337 1374 1357 eo
1403 1328 1489 1358 esset

280 1441 295 1463 4
314 1437 456 1472 Horatius]
478 1447 561 1465 carm.
581 1439 655 1472 1⁴14,
675 1442 690 1464 5
714 1439 723 1472 ΙΙ
747 1442 761 1464 5
782 1439 811 1464 et
829 1438 919 1464 dictus
940 1440 982 1465 est
1002 1460 1006 1464 .
1029 1460 1034 1464 .
1056 1461 1060 1465 .
1082 1439 1238 1475 elevantur]
1260 1449 1344 1467 exser.
1366 1441 1428 1467 Isid.
1449 1450 1487 1468 or.

208 1472 271 1512 xix
291 1476 320 1505 2,
340 1478 355 1500 8
378 1475 388 1507 ΙΙ
415 1478 431 1500 8
453 1474 613 1501 ‘Traiecto’
637 1496 641 1500 .
664 1495 669 1499 .
690 1495 695 1500 .
715 1474 800 1509 funis]
821 1483 904 1500 exser.
925 1474 988 1500 Isid.
1009 1483 1047 1501 or.
1069 1475 1132 1501 XIX
1153 1479 1176 1508 1,
1197 1479 1230 1502 ⁸24
1253 1477 1262 1509 Η
1291 1479 1305 1502 9
1326 1476 1486 1511 Sallustius]

208 1508 272 1534 h1st.
292 1508 390 1542 fragm.
411 1510 435 1535 lI
455 1513 487 1536 29
507 1510 553 1536 Kr.
577 1513 609 1536 23
630 1510 661 1536 D.
696 1510 729 1536 cf.
750 1510 870 1536 Macrob.
893 1510 948 1536 Sat.
975 1510 1008 1536 [Il
1032 1513 1072 1542 13,
1094 1514 1107 1536 7
1124 1520 1163 1544 sq.
1184 1513 1192 1544 ΙΙ
1218 1515 1249 1537 15
1272 1512 1377 1538 ‘Modo’
1399 1513 1427 1538 id
1447 1515 1489 1539 est

206 1544 306 1605 nupgr]
327 1544 449 1606 cifiDon.
469 1546 674 1616 adigit—151¹&
689 1545 725 1571 IV
745 1549 770 1574 4,
790 1548 824 1571 30
838 1547 847 1579 ΙΙ
869 1548 898 1571 17
921 1546 1100 1580 rapidusque]
1121 1555 1216 1581 georg.
1237 1548 1273 1573 III
1298 1551 1346 1574 114
1365 1549 1374 1581 l]
1393 1551 1425 1574 21
1447 1557 1488 1575 se—

208 1588 262 1605 cun
282 1589 329 1605 um
376 1589 500 1607 omerum
558 1604 563 1608 .
690 1590 750 1615 sqq.

279 1690 292 1713 1
312 1697 414 1714 nsroxo
436 1689 471 1714 Μ
488 1689 497 1721 ΙΙ
521 1696 599 1714 arma
618 1688 757 1722 deposuit]
782 1697 860 1714 arma
879 1688 1010 1721 deposuit
1029 1697 1058 1714 se
1077 1689 1146 1715 dicit
1165 1690 1303 1724 deponere
1326 1692 1361 1717 M
1378 1694 1387 1725 l]
1410 1695 1426 1718 2
1446 1701 1486 1718 re-

211 1741 355 1767 nnnciauit
372 1741 397 1767 L
411 1743 420 1775 ΙΙ
434 1741 463 1767 id
482 1743 544 1768 est.
560 1763 582 1767 ..
603 1741 670 1768 feeit
689 1749 737 1768 om.
756 1741 792 1767 M
819 1741 945 1768 xaralvse
965 1742 993 1767 in
1013 1742 1042 1767 F
1067 1752 1221 1769 sai-aarum
1237 1745 1303 1770 NH
1327 1745 1487 1772 catalarevx

209 1776 235 1802 L
254 1777 274 1807 (l
293 1777 324 1802 in
343 1785 395 1804 ras.
416 1778 425 1803 I
444 1779 453 1811 ΙΙ
472 1778 509 1803 ad
530 1786 550 1803 v.
571 1780 622 1803 485
642 1778 690 1803 Ιιοσ
708 1777 838 1803 scholium
857 1777 918 1803 hab.
939 1778 980 1803 D:
1000 1777 1130 1804 Protinus
1150 1780 1257 1806 Aeneas
1277 1781 1361 1806 celeri
1381 1783 1486 1808 certare

207 1812 312 1846 sagitta
330 1812 445 1845 invitat,
465 1812 513 1846 qui
531 1814 601 1839 forte
617 1812 706 1843 velint
720 1815 748 1838 et
762 1813 888 1846 praemia
903 1813 993 1848 ponit]
1017 1816 1159 1840 certamen
1174 1816 1327 1849 sagittandi
1346 1817 1485 1850 proponit*

206 1856 289 1881 quem
308 1848 399 1874 locum
419 1857 452 1875 ex
472 1849 592 1875 Homero
616 1848 772 1874 transtulit:
801 1848 849 1874 ille
875 1848 948 1874 enim
973 1850 1012 1874 sic
1036 1849 1077 1875 ait
1096 1850 1144 1883 (II.
1166 1850 1255 1876 XXIII
1275 1853 1336 1884 850)
1363 1850 1451 1885 αὐτὰρ
1472 1850 1487 1879 ὃ

206 1884 351 1918 τοξευτῇσι
374 1894 398 1910 κ,
418 1894 440 1910 τ.
461 1886 482 1910 λ.
506 1885 515 1917 η
543 1888 558 1910 3
578 1884 691 1918 magna]
712 1883 820 1917 ingenti
840 1883 876 1909 M
896 1885 905 1917 ΙΙ
932 1884 1123 1920 multitudine]
1148 1886 1197 1912 ille
1216 1895 1281 1913 vero
1301 1887 1394 1921 inquit
1414 1890 1486 1921 (852)

211 1917 287 1944 ἴστὸν
307 1916 334 1944 δ’
357 1918 475 1952 ἔστησαν
495 1942 500 1946 .
522 1942 527 1947 ,
549 1941 554 1945 .
575 1917 621 1946 ἐπὶ
640 1917 790 1953 γψαμάθοις
808 1920 871 1946 add.
892 1920 920 1945 D
948 1921 957 1953 ΙΙ
985 1923 1000 1945 4
1019 1920 1083 1955 nec]
1109 1923 1137 1947 et
1156 1922 1292 1949 Horatius
1320 1924 1329 1956 ΙΙ
1357 1927 1371 1949 6
1392 1924 1485 1958 malis]

210 1954 299 1980 malas
318 1954 348 1980 F
374 1955 512 1981 malleolis
532 1956 667 1982 Isidorus.
699 1953 850 1988 καρχήσιον
869 1956 976 1981 videtur
996 1957 1107 1982 servius
1125 1958 1281 1990 sz'qnz'ficare
1307 1960 1317 1992 l]
1345 1962 1358 1984 7
1379 1959 1486 1986 uolubi-

211 1989 269 2016 tate
289 1989 323 2015 H
333 1990 342 2023 ΙΙ
357 1993 371 2016 8
393 1992 520 2017 extensus
539 1991 565 2016 L
594 1992 720 2016 extontus
735 1990 769 2016 H
784 1991 923 2022 (extentus
943 1991 969 2023 h)
984 1992 1022 2024 119
1044 1991 1203 2028 Sallustius]
1224 1995 1374 2021 transenna
1393 1995 1486 2021 diruis>

208 2034 268 2051 sum
288 2025 422 2052 uictoriae
441 2026 639 2053 simulachrum
660 2035 721 2052 eum
743 2027 806 2052 add.
818 2026 847 2052 D
861 2027 870 2060 l]
885 2026 1015 2061 strepitu]
1036 2028 1146 2061 strepit-i
1161 2029 1229 2054 NH
1249 2031 1367 2064 strepitu
1386 2031 1418 2056 ut
1432 2031 1469 2056 M

208 2063 361 2087 transanna
380 2061 413 2087 H
437 2062 446 2095 ΙΙ
474 2062 570 2096 eaput]
591 2064 677 2095 caput
696 2062 733 2087 ite
755 2062 790 2087 M
822 2064 907 2095 caput
926 2063 956 2087 in
976 2062 1067 2096 eapite
1086 2065 1201 2090 mactavit
1220 2068 1243 2090 ct
1262 2065 1300 2091 ite
1321 2067 1416 2092 delevit
1434 2075 1459 2092 m
1479 2068 1487 2078 '¹

211 2100 243 2122 10
263 2096 448 2130 inponebatur
466 2097 574 2123 FMn:
592 2097 788 2130 imponebatur
807 2097 832 2122 L
860 2098 1016 2130 ponebatur
1035 2098 1104 2124 NH
1123 2100 1133 2132 Η
1155 2099 1353 2136 inponebatur]
1374 2102 1412 2127 sic
1431 2101 1486 2127 Ho-

208 2140 300 2158 merus
321 2133 394 2165 (854)
413 2133 497 2167 λεπτῇ
520 2153 524 2158 .
542 2154 546 2159 .
564 2155 568 2158 .
590 2131 716 2164 τοξεύειν
737 2133 800 2158 add.
820 2133 849 2158 D
869 2134 878 2166 fl]
904 2137 933 2158 11
953 2133 1031 2167 nam]
1052 2143 1106 2160 non
1125 2135 1156 2161 H
1175 2136 1184 2169 ΙΙ
1208 2145 1256 2169 pro
1276 2137 1486 2170 pronominibus

209 2167 238 2193 F
250 2168 259 2201 ΙΙ
280 2170 312 2193 12
334 2168 369 2193 ad
384 2176 406 2193 υ.
424 2171 475 2194 490
494 2169 542 2195 hoc
561 2169 691 2194 scholium
709 2168 769 2194 hab.
781 2167 810 2193 D
836 2168 1034 2201 Deiectamque
1054 2178 1136 2196 aerea
1155 2172 1270 2206 sortem]
1292 2172 1329 2198 sic
1350 2172 1486 2198 Homerus

208 2204 281 2236 (861)
301 2201 418 2236 κλήρους
438 2201 465 2229 δ’
488 2201 519 2230 ἐν
538 2203 626 2238 κυνέῃ
646 2201 779 2237 χαλκήρει
798 2201 903 2229 πάλλον
923 2201 1033 2234 ἑλόντες
1046 2205 1055 2238 ΙΙ
1076 2208 1107 2232 13
1127 2206 1209 2241 dixit]
1230 2207 1272 2233 ait
1291 2207 1321 2233 F
1347 2207 1404 2233 dixi
1424 2208 1461 2234 Μ
1478 2212 1486 2238 I]

210 2241 242 2264 15
262 2247 345 2272 supra
364 2247 413 2265 om.
433 2239 463 2265 F
479 2240 488 2273 ΙΙ
509 2243 540 2265 17
561 2248 664 2273 conpos
685 2239 721 2265 M
740 2239 750 2272 ΙΙ
768 2238 927 2272 rapidisque
947 2239 972 2265 L
990 2240 999 2273 ΙΙ
1022 2244 1053 2267 18
1073 2241 1219 2268 obtauerat
1238 2243 1305 2268 NH
1320 2245 1330 2276 ΙΙ
1348 2246 1486 2270 extremus

207 2274 311 2300 rediret
329 2274 357 2300 F
380 2275 389 2308 ΙΙ
415 2277 449 2300 20
468 2284 588 2301 mxuma
608 2275 638 2301 F
664 2276 782 2301 pssumis
802 2274 835 2299 H
854 2275 863 2307 ll
887 2274 1058 2303 nobilissime
1077 2277 1095 2302 h
1116 2278 1126 2311 Η
1153 2278 1270 2304 licaonis
1289 2279 1349 2304 NL
1378 2279 1485 2305 Icaouis

207 2309 241 2335 H
251 2311 261 2343 Η
275 2313 308 2336 22
329 2312 469 2336 certamen
488 2311 540 2337 huc
559 2311 730 2344 transposui,
746 2313 809 2343 post
827 2309 978 2337 Homerum
997 2311 1058 2338 hab.
1069 2312 1128 2338 NL
1137 2315 1165 2339 H
1171 2314 1206 2338 M
1211 2334 1218 2345 ,
1237 2317 1298 2346 post
1311 2314 1420 2340 Paridis
1435 2314 1465 2340 F
1478 2329 1479 2335 .

208 2345 249 2380 et]
270 2353 302 2371 ae
322 2345 358 2371 M
