1690 2611
507 107 619 134 COMM.
640 107 678 133 IN
697 106 804 133 VERG.
823 106 906 133 AEN.
926 107 972 133 IV.
993 110 1139 134 563—577.
1398 105 1462 137 565

275 190 348 221 573.
386 198 610 222 PRAECIPITES
633 190 670 221 ut
693 200 790 230 supra
818 188 995 220 Mercurius
1025 189 1132 230 <565>
1163 188 1243 220 ‘non
1271 188 1358 231 fugis
1386 187 1462 219 hinc

185 243 377 285 praeceps'?
400 254 474 276 sane
496 254 558 275 non
580 243 661 275 nulli
683 243 728 274 ita
750 243 923 283 distinyunt
946 242 1106 283 ‘sociosque
1123 243 1237 283 fatigat
1253 241 1463 282 praecipites'‚

186 300 220 329 ut
242 297 392 329 adlocutio
416 297 487 329 hino
509 297 648 329 videatur
670 297 801 336 incipere
832 295 970 336 ‘viyilate
993 297 1055 327 viri
1077 299 1105 327 et
1126 297 1270 328 considite
1295 295 1462 327 transtris'.

186 354 214 382 ei
235 354 279 383 est
300 352 415 383 usitata
437 352 539 392 figynra
563 350 692 391 ‘fatiyat
713 352 742 382 et
758 350 942 390 praecipites
962 349 1064 389 facit’.
1152 363 1278 382 mmmm
1303 360 1372 381 cnm
1402 349 1461 381 ela-

186 415 269 436 more
294 406 440 445 increpat,
464 407 498 436 nt
521 404 604 444 <VII
624 404 710 444 582>
734 404 895 443 undique
918 403 1061 435 collecti
1084 407 1213 435 coeunt
1237 404 1463 443 Martemque

184 458 360 499 fatiyani.
455 471 516 490 mm
535 458 622 489 habet
644 457 716 489 haec
743 457 986 489 commemoratio
1015 457 1146 488 multum
1174 457 1412 498 adhortationis,
1430 459 1465 488 nt

186 512 262 543 alibi
286 511 338 553 <11
362 512 447 552 373>
474 512 651 551 festinate
678 512 760 543 viri.
856 524 1014 543 mnvsrffls
1035 522 1095 552 pro
1125 511 1175 542 ‘in
1204 510 1374 543 trcmstrz's’.

189 578 247 597 σιτ]
268 566 381 597 celeres.

276 619 349 651 575.
399 632 562 651 FESTINARE
583 632 684 651 monn
715 620 851 660 antiqno,
886 622 919 650 ui
951 618 1018 659 <VI
1056 619 1138 658 176>
1173 621 1246 650 tam
1281 619 1382 650 iussa
1405 618 1462 649 Si-

187 673 318 713 byllae,
341 673 440 705 hand
461 683 573 713 mora,
596 673 789 713 festinant.
872 686 1010 706 [Νι-Ἴωνας
1028 686 1124 706 ινιηνιςε
1145 673 1199 705 hoc
1221 674 1263 704 (ul
1285 673 1462 713 sigynipz'can-

188 727 260 758 dam
283 737 347 758 rem
368 727 545 767 festinantis
565 728 704 767 pertinet,
727 728 761 759 id
783 730 826 759 est
848 738 910 759 non
935 727 1087 766 ε3()Ζ1161·ε’,
1111 728 1164 759 sed
1185 727 1316 758 incidere
1324 725 1342 756 '.

277 780 350 812 576.
387 790 473 812 noca
503 790 635 812 lrnnvm
664 790 835 813 STIMVLAT
864 780 1038 822 phantasia
1067 783 1116 812 est
1145 781 1184 812 ad
1213 780 1373 812 sociorum
1401 781 1462 811 ter-

188 845 307 866 rorem:
340 835 386 866 sic
409 835 443 866 in
467 837 556 866 sexto
582 835 668 875 <46>
693 835 799 876 deus,
823 845 907 866 ecce
933 834 1034 866 deus.
1071 845 1113 865 an
1137 833 1279 866 ‘itermn’
1302 834 1356 874 qni
1372 834 1465 874 prius

188 889 357 927 advenerat,
381 900 449 920 enm
472 890 519 920 ait
541 888 590 920 ‘tn
613 899 696 920 nunc
719 887 919 929 Carthayim's
941 888 1045 920 altae’.
1159 897 1290 920 SANCTE
1320 896 1463 919 DEORVM

186 942 350 984 emphasis,
373 944 463 983 quasi
485 944 583 975 adhuc
600 954 748 984 praesens
776 944 848 974 dens
875 945 983 983 w‘gyeat
1010 943 1162 982 navifflire.
1214 945 1242 973 et
1269 943 1325 973 aut
1353 941 1464 972 distin-

188 997 347 1036 guendum
375 996 527 1038 ‘sancte’,
561 1000 617 1029 aut
645 997 758 1028 ‘sancte
779 996 914 1028 dem-mn?
939 997 1113 1028 secundum
1137 995 1278 1027 Ennium
1302 995 1384 1027 dixit
1408 1006 1463 1027 re-

188 1051 344 1091 spondit
367 1051 460 1082 Iuno
485 1050 670 1083 Saturnia
694 1052 828 1082 sancta
852 1050 1016 1082 dearum.

275 1104 347 1135 577.
386 1113 543 1142 QVISQVIS
575 1113 614 1136 Es
647 1104 737 1146 atqui
768 1115 865 1145 supra
897 1104 978 1135 dixit
1007 1103 1113 1143 <55S>
1146 1104 1271 1135 ‘omnia
1305 1103 1464 1135 Mercurio

188 1157 329 1188 similis’.
376 1158 430 1189 sed
455 1158 618 1189 sciendum
642 1160 691 1189 est
715 1157 889 1189 secundum
914 1157 1058 1188 Tullium
1087 1157 1119 1188 in
1150 1157 1240 1189 libris
1270 1157 1308 1188 de
1332 1157 1464 1188 deorum

187 1212 305 1242 natura
328 1211 398 1250 <III
423 1212 479 1252 22,
510 1211 573 1252 56>
605 1214 671 1243 tres
700 1223 769 1243 esse
797 1211 987 1243 Mercurios:
1019 1223 1180 1252 superum,
1210 1214 1388 1252 terrenum,
1420 1211 1465 1242 in-

188 1265 299 1296 ferum.
338 1275 415 1306 ergo
440 1264 594 1306 ‘quisquis
620 1264 670 1296 es'
696 1267 751 1296 aut
771 1265 962 1306 quicumque
983 1265 1020 1296 de
1040 1265 1159 1297 tribus:
1178 1266 1318 1306 quamvis
1336 1265 1394 1296 alii
1414 1275 1466 1296 nec

187 1319 280 1350 nnius
284 1320 451 1359 potestatis,
466 1329 518 1350 nec
531 1320 625 1351 unius
636 1320 781 1357 nominis,
796 1319 950 1350 neonnius
960 1320 1060 1351 vultus
1070 1320 1176 1351 volunt
1185 1330 1246 1351 esse
1260 1319 1464 1350 BIercnrimn:

189 1383 231 1404 an
253 1373 328 1412 qnia
350 1373 474 1404 deornm
496 1383 568 1404 vera
587 1373 714 1404 nomina
733 1383 819 1404 nemo
838 1373 938 1404 novit:
963 1375 1019 1404 aut
1039 1375 1124 1405 certe
1145 1373 1185 1405 ad
1204 1373 1312 1404 Iovem
1332 1373 1466 1413 spectat,

189 1426 220 1458 id
245 1428 294 1458 est
318 1426 476 1468 ‘quisquis
502 1426 551 1458 es’
583 1428 636 1469 qui
665 1426 838 1468 praecipis:
868 1428 904 1458 ut
932 1427 964 1458 in
992 1437 1076 1458 nono
1107 1428 1192 1467 <22>
1221 1427 1399 1468 quisquis
1429 1426 1465 1456 in

190 1492 294 1511 arma
318 1491 444 1521 vocas,
478 1492 551 1512 cum
583 1480 650 1512 Irin
683 1480 830 1520 vidisset,
864 1480 896 1511 id
930 1482 979 1511 est
1013 1480 1204 1521 quicumque
1237 1479 1303 1510 Irin
1337 1479 1464 1511 misisti.

190 1534 285 1575 plane
309 1534 390 1565 illud
416 1534 560 1575 occurrit,
585 1534 669 1575 quod
694 1534 740 1565 ait
764 1533 870 1574 <574>
897 1533 990 1564 ‘deus
1016 1533 1145 1565 aethere
1169 1534 1287 1565 missus
1312 1533 1352 1564 ab
1373 1533 1466 1573 alto',

261 1643 277 1666 4
298 1640 430 1674 ‘fatigat'
453 1649 514 1667 cum
534 1641 655 1667 clamore
674 1640 812 1674 increpat]
833 1639 866 1666 cf.
887 1640 958 1666 Non.
978 1649 1004 1674 p.
1024 1643 1076 1666 304
1091 1639 1127 1666 Μ.
1152 1641 1161 1673 ΙΙ
1191 1642 1221 1665 16
1243 1639 1392 1666 secundum
1413 1639 1465 1665 En-

189 1676 278 1710 nium]
299 1685 360 1702 ann.
382 1679 414 1702 65
434 1686 460 1710 p.
482 1680 511 1702 12
534 1677 613 1702 Vahl.

266 1777 277 1800 1
297 1773 344 1800 hio
363 1774 392 1800 F
413 1776 422 1808 ΙΙ
449 1775 486 1800 acl
505 1784 528 1801 v.
549 1778 598 1801 573
619 1775 649 1801 in
667 1775 780 1801 sinistro
798 1783 882 1807 mary.
903 1774 1016 1807 quidam
1041 1775 1114 1800 hune
1137 1774 1230 1800 locum
1248 1774 1290 1800 ita
1309 1773 1467 1807 distingunt

218 1832 223 1836 .
245 1830 250 1835 .
270 1810 350 1842 facit,
374 1811 404 1836 in
423 1810 517 1837 dextro
540 1810 659 1845 fatigare
683 1811 804 1837 excitare
827 1810 872 1836 uel
896 1810 1038 1844 increpare
1063 1818 1125 1835 cum
1149 1810 1271 1836 clamore
1291 1809 1336 1835 uel
1361 1809 1466 1835 hortari

191 1847 215 1871 et
234 1845 267 1871 ab
287 1845 345 1871 alia
363 1854 448 1872 manu
470 1847 503 1872 ut
526 1846 646 1879 undique
668 1868 672 1872 .
694 1867 699 1872 .
720 1867 725 1872 .
749 1846 879 1880 fatigant.
918 1846 954 1872 ad
977 1845 1030 1871 viri
1053 1854 1128 1879 supr.
1147 1853 1212 1872 vers.
1238 1845 1357 1871 multum
1381 1845 1466 1871 habet

191 1880 394 1907 adhortationis
413 1881 466 1908 hoc
485 1882 545 1908 loco
564 1881 618 1908 uiri
639 1882 664 1907 T
680 1883 689 1915 ΙΙ
709 1885 723 1908 6
744 1881 947 1908 adhortationis
969 1881 1005 1907 T:
1025 1881 1139 1907 adortae
1159 1881 1188 1907 F
1205 1882 1213 1915 11
1234 1885 1247 1907 7
1269 1881 1305 1907 acl
1324 1880 1423 1907 soluite
1443 1883 1466 1906 et

191 1916 240 1942 citi
258 1924 333 1950 supr.
353 1925 419 1943 vers,
439 1917 533 1943 laxate
552 1921 577 1943 et
595 1917 698 1943 celeres
721 1917 744 1942 T
761 1918 770 1951 ss
794 1921 808 1943 9
829 1917 865 1943 acl
884 1917 1014 1943 festinare
1034 1917 1052 1943 f.
1077 1925 1152 1950 supr.
1172 1925 1238 1943 vers.
1259 1916 1372 1949 antique
1396 1916 1467 1942 dixit

210 1972 234 1978 ..
255 1951 390 1978 festinant
411 1952 435 1978 T
447 1953 456 1986 ΙΙ
471 1953 578 1986 antiqui
597 1953 626 1979 F
638 1954 647 1987 u
662 1961 723 1979 cum
746 1953 789 1987 ΤΗ
805 1952 921 1986 sybillae
941 1953 970 1978 F
982 1954 991 1986 ΙΙ
1007 1956 1039 1979 10
1059 1954 1108 1979 aut
1126 1953 1156 1978 F
1168 1954 1177 1987 ΙΙ
1191 1953 1227 1979 acl
1245 1952 1366 1978 incidere
1387 1952 1466 1978 funes

190 1995 266 2020 supr.
285 1996 352 2014 vers.
372 1988 424 2014 hoc
444 1988 478 2014 ad
499 1989 705 2015 festinationem
729 1988 852 2022 pertinet
874 1988 990 2014 nimiam
1010 1988 1084 2022 quod
1108 1988 1179 2014 dixit
1197 1988 1319 2014 incidere
1339 1996 1394 2014 non
1413 1987 1466 2014 sol-

191 2031 256 2049 uere
280 2023 303 2048 T
323 2024 331 2057 ΙΙ
355 2023 564 2056 significandam
584 2025 696 2057 scripsi:
722 2024 903 2058 significantis
924 2024 960 2056 F,
979 2032 1028 2050 om.
1049 2024 1152 2050 Daniel
1174 2025 1183 2058 ss
1212 2027 1242 2050 11
1263 2023 1392 2057 incydere
1411 2023 1460 2048 F-

194 2061 225 2084 12
246 2059 282 2085 ad
302 2067 365 2085 ecce
390 2059 489 2085 iterum
512 2059 640 2086 stimulat
658 2060 688 2085 in
706 2068 791 2093 marg.
812 2062 835 2085 et
853 2067 927 2092 supr.
947 2068 1011 2085 vers.
1032 2059 1182 2093 phantasia
1201 2060 1321 2086 est..
1342 2059 1467 2085 saturnia

192 2095 288 2120 sancta
307 2094 420 2120 dearum
444 2094 467 2120 T
480 2095 489 2128 ΙΙ
511 2098 543 2120 14
563 2096 646 2130 nuno]
669 2103 762 2121 muros
785 2095 829 2128 ΤΙΙ
849 2104 946 2120 swern
966 2095 1083 2129 nnonvm]
1104 2095 1179 2128 quod
1198 2095 1267 2121 dicit
1286 2096 1381 2120 sancte
1401 2094 1465 2120 deo-

191 2139 252 2155 rum
275 2130 299 2155 T
311 2131 320 2163 ΙΙ
337 2133 368 2156 15
390 2130 490 2156 enfasis
511 2130 541 2156 F
567 2131 668 2157 enfasis
688 2131 730 2156 eet
752 2131 775 2156 T
787 2131 796 2163 11
811 2130 882 2156 aduc
901 2130 951 2164 Fu
966 2132 1067 2164 arguat
1086 2131 1115 2156 F
1127 2132 1136 2164 ΙΙ
1155 2134 1186 2156 17
1208 2130 1318 2157 satunia.
1338 2130 1367 2155 F
1379 2131 1387 2163 ΙΙ
1402 2130 1465 2155 deo-

191 2174 253 2191 rum
274 2166 309 2191 M
322 2167 331 2199 H
353 2169 384 2191 18
404 2165 495 2200 atqui]
516 2166 570 2192 aud
590 2166 637 2200 qui
657 2166 708 2199 Fu
726 2166 822 2199 supra]
842 2174 906 2192 nam
926 2167 988 2192 add.
1009 2166 1039 2192 F
1055 2167 1064 2200 ΙΙ
1083 2169 1116 2193 20
1135 2166 1270 2193 infereum
1291 2166 1321 2191 F
1336 2167 1345 2199 ΙΙ
1365 2169 1395 2191 21
1418 2165 1467 2191 alii

192 2210 243 2227 nec
258 2201 349 2227 minus
365 2202 425 2234 (sic)
441 2201 588 2234 potestatis
608 2210 659 2228 nee
677 2201 768 2227 minus
788 2201 906 2227 nominis
925 2210 976 2228 nec
995 2201 1085 2227 minus
1101 2202 1195 2228 uultus
1210 2202 1309 2228 uolunt
1324 2209 1380 2228 esse
1396 2201 1465 2227 Mer-

193 2236 311 2263 curium:
336 2238 385 2263 aut
404 2237 470 2271 quia
489 2237 603 2263 deorum
623 2245 690 2263 uera
708 2236 821 2263 nomina
840 2245 921 2263 nemo
941 2237 1031 2263 nouit:
1055 2238 1101 2264 uel
1125 2237 1249 2271 quisquis
1269 2246 1297 2263 es
1317 2236 1466 2263 secundum

193 2272 357 2305 pontificum
376 2281 480 2298 morem
502 2273 550 2306 qni
569 2273 608 2299 sic
627 2274 787 2305 p1·:eca11tur
814 2272 921 2306 Iupiter
944 2272 1118 2306 omnipotens
1137 2273 1182 2299 uel
1206 2281 1260 2306 quo
1280 2273 1335 2298 alio
1356 2272 1466 2298 nomine

195 2308 332 2341 appellari
350 2308 471 2334 uolueris
491 2309 551 2334 hab.
571 2309 693 2335 Anrbros.
718 2310 727 2342 ss
750 2311 782 2334 23
803 2316 837 2334 an
858 2307 897 2334 F:
917 2309 966 2335 aut
984 2309 1087 2335 Daniel
1102 2310 1211 2345 primns
1229 2310 1238 2341 ΙΙ
1261 2316 1343 2333 nerra
1365 2307 1392 2333 F
1405 2308 1413 2341 ΙΙ
1432 2311 1465 2335 25

192 2344 275 2369 uocat
295 2344 330 2369 M
343 2344 372 2378 fl
366 2344 428 2370 1n'1n
449 2344 478 2370 Ι
490 2344 575 2378 11111111
595 2344 624 2371 F

1482 409 1496 432 5

1486 678 1515 700 10

1486 946 1517 969 15

1485 1215 1518 1238 20

1484 1484 1518 1506 25
