1690 2611
702 117 916 145 PRAEFATIO.
1385 119 1448 145 LIII

167 202 214 233 ita
247 203 283 233 ut
316 204 470 243 punctum
503 202 538 233 in
570 201 640 242 ipsa
674 201 772 241 linea,
810 211 872 242 quo
903 201 1023 242 aliquid
1053 201 1234 232 addendum
1258 212 1327 233 esse
1353 202 1448 244 signi-

168 255 293 296 ficaret,
317 267 375 297 per
399 266 538 287 errorem
553 266 618 286 non
644 256 718 285 ante
743 265 772 295 a,
797 253 852 284 sed
881 256 956 295 post
980 265 1051 285 eam
1075 254 1218 286 litteram
1243 257 1389 296 poneret:
1414 256 1447 287 in

167 309 342 350 appendice
373 308 508 350 ‘aequa'
539 307 730 339 Fuldensem
760 307 913 349 praebere
943 307 1063 338 dictum
1098 307 1188 350 ests)
1232 308 1309 340 Aen.
1339 309 1353 340 I
1384 310 1445 340 157

166 362 210 404 (p.
230 362 285 403 65,
307 361 361 405 19)
383 373 440 404 pro
460 362 605 394 stationes
628 360 835 393 Cassellanus
856 361 987 392 exhibet
1001 362 1213 402 salutationes,
1235 374 1297 403 qua
1321 362 1353 393 in
1370 374 1446 393 voce

166 427 187 447 u
198 416 342 447 litteram
354 415 510 457 expunxit
520 417 695 447 corrector:
712 414 882 455 Scioppius
903 413 1117 445 ‘saltationes’
1129 416 1268 446 testatus
1285 418 1341 446 est.
1367 415 1444 447 Aen.

165 468 181 500 I
206 469 268 501 195
294 470 338 512 (p.
365 470 419 510 77,
445 468 478 510 8>
509 480 527 500 a
550 469 656 510 prima
681 479 777 499 manu
807 468 961 510 scriptum
991 470 1040 499 est
1064 468 1201 508 catiline,
1230 469 1313 509 quod
1344 469 1445 500 altera

165 522 212 554 ita
236 522 388 561 correxit,
421 524 458 553 ut
481 533 501 553 α
525 533 623 563 supra
652 532 667 553 c
694 523 842 562 poneret:
877 520 1047 562 Scioppius
1079 520 1262 553 ecatilinae'
1293 523 1444 554 enotavit.

165 575 244 608 Aen.
268 575 300 607 II
324 576 389 607 285
419 574 463 618 (p.
493 576 571 616 266,
599 574 656 617 25)
688 577 716 606 et
744 575 899 606 contrario
933 574 1053 615 legitur
1083 575 1116 605 in
1146 573 1331 606 Cassellano
1362 576 1444 617 quod

165 632 327 662 corrector
346 629 529 660 emendavit
553 639 627 660 cum
651 631 679 660 et
701 639 778 660 voce
803 628 993 660 oblitterata
1020 639 1034 660 e
1058 629 1302 669 superscripsit:
1337 628 1443 670 Sciop-

163 683 236 724 pius
261 682 310 714 eet
336 694 351 714 e
376 681 557 714 contrario’
583 682 736 713 enotavit.
776 680 854 712 Aen.
879 680 911 712 ΙΙ
936 681 1001 712 335
1027 679 1070 722 (p.
1096 682 1173 722 275,
1202 680 1255 724 19)
1286 681 1444 713 Cassella-

163 747 223 768 nus
247 737 351 768 amine
374 736 489 777 habet,
520 735 602 766 unde
624 746 645 776 g]
669 735 780 766 littera
805 746 903 776 supra
928 746 1055 766 versum
1081 735 1190 766 addita
1219 736 1340 776 agynez'ne
1368 736 1444 767 fecit

162 791 337 822 corrector:
362 790 395 820 in
420 789 595 830 appendice
624 791 792 830 tamquam
821 788 980 820 Fuldense
1011 789 1133 820 editum
1165 792 1213 820 est
1243 789 1383 821 ‘animae
1413 792 1444 820 et

162 842 323 885 agmina',
341 845 376 874 ut
390 843 479 884 prior
500 843 662 883 scriptura
682 842 867 883 emendata,
888 843 1079 874 correctoris
1105 843 1288 875 coniectura
1303 843 1444 884 perfecta

161 897 212 928 sit.
247 897 284 928 cf.
301 896 409 928 adnot.
426 896 495 927 crit.
512 896 552 927 ad
567 907 597 937 p.
613 896 687 936 282,
705 896 753 928 18.
787 896 842 927 sed
862 896 1090 937 gravissimum
1120 897 1262 928 omnium
1283 899 1331 928 est
1360 897 1443 938 quod

162 961 242 991 quac
258 950 298 981 ad
314 949 392 982 Aen.
407 950 422 981 I
441 950 502 981 169
520 948 563 991 (p.
581 950 632 989 67,
649 948 704 991 21)
721 949 753 980 in
765 948 946 981 Cassellani
962 949 1107 991 margine
1124 960 1160 980 ex
1176 950 1294 981 Isidori
1310 951 1440 992 origini-

162 1003 222 1034 bus
240 1002 333 1045 (XIX
349 1003 384 1043 2,
402 1002 455 1045 15)
477 1003 596 1035 saeculi
612 1002 681 1034 XV.
715 1004 877 1034 corrector
898 1002 1071 1043 adscripsit
1091 1002 1201 1034 eadem
1218 1003 1387 1045 Scioppius
1409 1005 1442 1036 in

161 1056 315 1088 Fuldensi
338 1056 438 1087 fuisse
463 1058 602 1088 testatus
628 1058 692 1096 est,
723 1059 755 1087 et
779 1057 825 1087 ita
850 1056 978 1097 quidem
1004 1058 1039 1087 ut
1069 1056 1119 1088 ‘s'
1148 1058 1260 1088 notam
1291 1059 1441 1098 praemit-

161 1111 261 1151 teret,
286 1121 349 1151 qua
372 1109 458 1141 haud
482 1109 548 1141 scio
574 1121 614 1141 an
639 1109 770 1151 <supra’
803 1110 977 1150 significari
1008 1110 1154 1141 voluerit.
1197 1122 1270 1141 nam
1298 1111 1337 1142 ad
1361 1111 1441 1143 Aen.

160 1163 175 1194 I
193 1163 254 1195 173
271 1162 316 1204 (p.
331 1163 389 1203 68,
405 1161 476 1205 28),
501 1163 555 1194 ubi
580 1174 679 1204 supra
702 1166 758 1194 aut
781 1163 864 1195 idem
891 1166 1053 1195 corrector
1070 1164 1102 1195 id
1118 1167 1161 1195 est
1181 1165 1277 1195 multa
1302 1165 1441 1206 scripsit,

160 1216 240 1248 haec
265 1219 314 1248 est
331 1216 472 1258 Scioppii
502 1216 669 1247 adnotatio
696 1215 756 1247 ‘s
774 1216 820 1246 ssi.
846 1216 949 1247 multa
974 1215 1054 1247 aut'.
1097 1216 1137 1247 ad
1163 1216 1241 1248 Aen.
1265 1216 1279 1247 I
1312 1218 1372 1248 17⁴3
1398 1217 1440 1259 (p.

163 1270 218 1311 70,
245 1270 277 1312 1)
302 1270 402 1302 verba
432 1281 513 1312 quae
544 1272 619 1301 sunt
642 1280 729 1310 quem
753 1280 838 1300 nemo
867 1270 907 1301 sz'z‘v
934 1280 1030 1301 ansus
1058 1270 1214 1309 defendere
1237 1270 1341 1312 prima
1367 1270 1440 1302 Cas-

162 1324 278 1355 sellani
302 1335 416 1355 manus
441 1324 561 1364 omisit,
592 1334 688 1364 supra
712 1334 841 1354 versum
869 1323 1015 1363 qnoniam
1039 1334 1125 1355 nemo
1154 1324 1195 1355 sit
1222 1335 1316 1356 alffius
1340 1325 1439 1363 defen-

159 1378 228 1409 dere
252 1377 376 1409 addidit
400 1376 451 1409 0³:
477 1377 620 1418 Scioppii
645 1377 683 1408 de
707 1376 767 1408 hoc
793 1376 863 1408 loco
889 1377 1110 1408 testiinonium
1135 1380 1183 1408 est
1209 1377 1299 1418 ‘post
1328 1389 1438 1409 vocem

161 1429 211 1461 ‘in
242 1430 296 1462 eo’
329 1431 449 1462 emend.
479 1431 679 1472 sssquoniam
709 1430 836 1470 11e1no’3
861 1430 893 1461 in
923 1432 1075 1461 contextu
1100 1431 1185 1461 enim
1210 1430 1327 1461 Daniel
1352 1431 1440 1463 dedit

162 1495 242 1525 quae
267 1484 300 1514 in
326 1483 513 1515 Cassellano
538 1484 659 1515 omissa
684 1494 752 1515 esse
783 1483 857 1514 dixi.
897 1483 976 1515 Aen.
1001 1483 1016 1514 Ι
1041 1483 1083 1515 30
1109 1483 1151 1526 (p.
1177 1485 1232 1521 24,
1257 1485 1312 1527 21)
1337 1486 1439 1516 eriulf-

161 1536 220 1568 lem
250 1537 405 1578 expunxit
435 1539 466 1568 et
494 1537 656 1569 Hectorem
686 1537 911 1578 superscripsit
941 1535 993 1568 0³:
1032 1537 1105 1568 inde
1136 1537 1235 1569 ‘circa
1263 1539 1439 1570 extinctum

159 1589 334 1622 Hectorem
359 1590 537 1622 crudelem'
563 1591 596 1621 in
620 1590 795 1631 appendice
821 1589 998 1631 Scioppius.

250 1643 393 1685 Seioppii
418 1643 610 1675 Fuldensem
636 1644 675 1675 ab
701 1655 737 1675 eo
763 1644 858 1684 libro,
883 1655 920 1674 ex
946 1655 1008 1685 quo
1034 1643 1160 1676 Modius
1185 1656 1249 1676 non
1274 1645 1362 1677 nulla
1387 1657 1438 1677 ex-

160 1697 303 1738 scripsit,
338 1708 402 1729 non
442 1697 604 1729 diversum
644 1697 742 1729 fuisse
782 1697 989 1728 manifestiun
1024 1700 1086 1738 est,
1125 1697 1226 1729 Modii
1262 1698 1349 1729 enim
1388 1711 1438 1730 ex-

160 1750 279 1791 cerptis
304 1751 443 1782 maxime
468 1751 583 1782 Daniel
609 1751 769 1792 impulsus
795 1752 843 1782 est
868 1752 903 1781 ut
924 1750 1054 1791 plenam
1080 1751 1197 1783 codicis
1223 1752 1437 1783 conlationem

160 1803 223 1834 sibi
246 1806 385 1844 pararet.
428 1804 484 1835 sed
508 1804 670 1836 luculento
697 1804 836 1845 quodam
861 1807 1052 1845 argumento
1079 1816 1115 1836 ea
1140 1816 1189 1836 res
1211 1805 1308 1836 etiam
1334 1801 1446 1847 magis·

160 1856 377 1888 confirmatur.
418 1869 493 1889 nam
523 1857 607 1899 quod
631 1857 747 1888 Daniel
778 1857 856 1888 locis
887 1868 984 1898 supra
1013 1858 1152 1889 laudatis
1182 1859 1347 1899 professus
1379 1862 1436 1900 est,

161 1908 239 1940 duas
255 1908 425 1941 Fuldensis
451 1911 569 1942 codicis
594 1911 731 1952 paginas
757 1922 790 1942 se
811 1911 944 1952 vidisse,
969 1911 1000 1942 id
1021 1922 1087 1943 non
1106 1912 1214 1952 potuit
1238 1912 1332 1943 aliter
1356 1913 1438 1944 effici

160 1962 229 2006 nisi,
246 1962 292 1993 ita
316 1965 352 1994 ut
376 1964 564 1995 membrana
589 1976 605 1996 e
635 1964 742 1996 codice
767 1964 895 1995 sublata
926 1964 954 1995 ei
979 1965 1171 1996 mitteretur.
1214 1967 1309 2006 atque
1338 1966 1438 1997 missa

161 2017 210 2047 est
234 2027 271 2047 ea
296 2017 329 2047 in
353 2028 416 2058 qua
441 2018 693 2049 commentarius
718 2017 757 2049 ad
775 2018 852 2049 Aen.
868 2017 883 2048 I
900 2019 1072 2049 716-727
1099 2019 1237 2060 scriptus
1262 2021 1345 2050 erat:
1366 2030 1437 2049 eum

161 2069 245 2100 enim
280 2069 396 2100 Daniel
430 2070 463 2101 in
496 2072 646 2102 contextu
680 2070 873 2111 exemplaris
909 2071 958 2101 sui
992 2070 1034 2113 (p.
1064 2072 1128 2103 218
1159 2074 1191 2103 et
1215 2073 1289 2113 219,
1316 2073 1436 2105 1—20)

161 2121 296 2164 edidit‘2')
322 2124 353 2154 et
376 2123 578 2165 praeclarum
604 2124 641 2155 de
665 2123 802 2155 Veneris
827 2125 1012 2155 nominibus
1039 2136 1206 2156 excursum
1233 2130 1276 2167 (v.
1302 2124 1379 2160 720)
1406 2126 1437 2156 in

232 2224 257 2257 1)
277 2224 351 2258 quod
372 2225 484 2258 ‘aequa’
511 2233 565 2251 uon
591 2225 719 2258 ‘aequae’
734 2224 770 2250 ·in
789 2225 945 2259 appendice
966 2225 1068 2260 legitur
1091 2227 1256 2261 typothetae
1281 2228 1308 2252 et
1333 2234 1437 2252 eorrec-

160 2263 214 2290 tori
234 2263 346 2290 videtur
364 2263 544 2291 tribuendum
564 2273 637 2297 esse,
657 2265 690 2290 de
711 2272 827 2298 quorum
847 2266 1032 2300 neglegentia
1050 2266 1123 2293 infra
1142 2267 1241 2294 dicam.
1325 2268 1351 2299 2)
1375 2275 1435 2292 cum

159 2303 195 2329 ad
214 2313 239 2330 v.
261 2307 400 2330 727—730
420 2313 529 2338 quoquc
549 2304 695 2330 Fuldensis
719 2304 914 2332 additamenta
937 2306 968 2333 in
989 2309 1120 2333 contextu
1145 2307 1268 2334 Danielis
1293 2306 1435 2332 invenian-

159 2345 218 2376 tur,
239 2351 255 2369 a
274 2343 367 2370 Modio
388 2352 420 2370 ea
440 2344 580 2379 exscripta
599 2353 658 2371 esse
678 2344 823 2379 probabile
843 2347 893 2372 est.
