1690 2611
693 108 905 135 PRAEFATIO.
1377 111 1437 136 XLI

161 192 216 223 sed
241 203 312 223 oum
336 192 445 233 aliqua
470 191 512 223 sit
535 191 620 223 inter
648 190 815 231 utriusque
845 189 942 221 verba
967 191 1156 233 similitudo,
1188 192 1273 223 haud
1303 192 1368 223 scio
1398 203 1436 223 au

162 245 291 277 Servius
317 246 383 276 eius
408 246 594 286 praecepta,
619 255 712 285 quem
732 243 873 274 Isidorus
891 246 1037 275 accurate
1053 248 1179 277 secutus
1201 246 1256 287 sit,
1281 246 1437 277 memoria

162 300 264 331 falsus
289 299 478 340 corruperit.

251 353 302 385 Or.
327 353 356 384 X
381 353 446 384 260
468 351 610 383 Isidorus
635 347 788 391 sequester*
812 351 918 393 inquit
946 352 1058 383 dieitur
1086 352 1139 391 qut
1167 352 1350 384 certantibus
1378 363 1436 384 me-

161 408 231 439 dius
255 407 427 445 intervenit,
452 406 506 446 qui
529 405 613 445 apud
632 404 765 436 Graecos
790 401 807 435 ὁ
832 404 930 445 μέσος
951 401 1077 442 dieitur,
1102 406 1186 445 apud
1203 416 1290 445 quem
1304 407 1439 447 piquora

161 462 270 501 deponi
292 461 395 492 solent.
432 460 513 500 quod
534 459 711 490 vocabulum
736 458 774 489 ab
797 459 944 498 sequendo
971 458 1089 498 factum
1114 461 1168 497 est,
1196 460 1276 499 quod
1299 461 1362 491 eius
1386 460 1440 499 qui

161 515 268 546 electus
290 515 332 546 sit
353 516 482 553 utraque
505 522 584 554 pars
611 513 701 552 fldem
724 514 877 552 sequatur.
923 523 993 542 oum
1022 511 1072 543 his
1103 512 1261 543 scholium
1292 513 1329 544 ad
1359 513 1439 544 Aen.

163 567 210 598 XI
246 568 306 599 133
347 567 542 607 adscriptum
583 565 832 606 comparandum
865 567 933 597 est:
980 576 1061 596 mee
1103 576 1281 600 SEQVESTRA
1323 567 1439 598 media:

161 622 321 661 uam[que]
345 623 492 660 sequester
515 622 558 651 est
582 621 664 659 [aut]
690 619 807 650 medius
831 619 910 650 iuter
933 619 1009 650 daos
1028 619 1221 659 altercantes,
1249 620 1330 659 [aut]
1356 621 1441 659 apud

162 685 249 715 quem
277 675 397 714 aliquid
423 674 466 705 ad
493 675 608 713 tempus
641 665 809 713 seponitur,
839 673 965 711 [dietum
995 675 1096 703 autem
1124 683 1142 703 α
1171 674 1332 713 sequendo,
1362 674 1441 712 quod

163 729 228 760 eius
250 728 304 768 qut
327 728 433 759 electus
455 727 497 759 stt
514 729 643 767 utraque
654 736 732 766 pars
746 726 837 766 fidem
856 727 1015 766 sequitur]
1047 736 1153 766 pacem
1168 736 1235 766 eryo
1256 729 1441 765 sequestram

166 782 303 813 indutias
333 782 418 822 dicit,
442 782 462 813 ve'.
487 792 508 812 e.
536 791 645 821 pacem
674 780 868 820 temporalem
891 782 919 810 et
945 780 1078 811 mediam
1106 780 1186 810 iuter
1214 780 1323 811 bellum
1347 790 1437 820 prae-

165 836 286 867 teritum
309 837 337 866 et
356 835 507 874 futurum.
517 833 540 876 ¹)
579 834 617 865 de
642 833 673 864 vi
697 833 796 874 igitur
817 832 1014 874 ‘sequester’
1039 834 1124 865 vocis
1142 844 1212 864 eum
1233 833 1437 864 consentiant

163 889 249 920 inter
281 899 314 919 se
346 887 475 919 Servius
507 890 540 919 et
570 887 713 918 Isidorus
744 897 847 928 neque
878 889 987 918 tamen
1019 887 1137 918 eisdem
1168 889 1304 928 uterque
1335 887 1441 917 verbis

164 953 240 973 usus
266 942 321 982 sit,
350 943 463 974 eontra
487 952 567 983 quae
593 940 631 972 de
656 941 781 982 origine
806 940 954 972 vocabuli
978 940 1064 971 illius
1089 951 1107 971 a
1131 940 1328 971 Floriacensi
1352 940 1441 971 seho-

164 995 261 1026 liasta
285 997 317 1031 et
340 994 464 1026 Isidoro
490 994 575 1026 diota
599 996 675 1025 sunt
703 999 815 1026 eorum
844 1005 1017 1025 consensus
1048 1005 1117 1025 eum
1148 994 1246 1025 etiam
1275 993 1314 1024 ad
1344 993 1442 1024 verba

164 1048 338 1089 pertineat,
362 1048 488 1089 plenius
506 1048 607 1079 Servii
633 1048 795 1089 exemplar
815 1048 855 1079 ab
871 1047 1059 1089 Hispalensi
1080 1048 1229 1088 episcopo
1249 1058 1312 1078 non
1333 1048 1442 1088 potest

163 1102 343 1143 inspectum
368 1112 447 1133 esse.
485 1102 530 1133 sio
554 1101 662 1143 potius
687 1112 737 1132 res
759 1112 792 1132 se
812 1101 932 1132 habere
954 1101 1088 1132 videtur.
1127 1100 1238 1132 eodem
1259 1100 1381 1131 scholio
1403 1100 1442 1131 ad

164 1167 191 1187 v.
216 1155 236 1186 l.
260 1155 421 1196 adscripto
446 1166 511 1186 non
535 1155 646 1186 eodem
671 1155 765 1186 modo
791 1154 920 1186 Servius
944 1154 1086 1186 Isidorus
1111 1153 1325 1185 Floriaeeusis
1351 1153 1443 1184 scho-

164 1209 275 1240 liastes
300 1208 350 1240 usi
375 1211 458 1240 sunt.
496 1209 649 1239 nimirum
676 1208 805 1239 Servius
830 1207 912 1238 nihil
936 1207 1009 1239 inde
1029 1208 1188 1239 derivavit
1213 1207 1274 1238 nisi
1299 1207 1384 1248 quod
1404 1207 1442 1238 ad

165 1264 280 1304 poetae
305 1262 403 1293 verba
428 1261 618 1303 explicanda
643 1272 723 1302 opus
754 1263 836 1302 erat,
865 1260 1023 1303 Isidorus,
1052 1262 1101 1292 cui
1131 1261 1314 1292 Luctatium
1344 1260 1444 1291 Placi-

165 1316 241 1347 dum
269 1316 309 1347 ad
339 1315 420 1348 Stat.
451 1315 550 1346 Theb.
574 1314 638 1346 VII
658 1315 722 1346 542
748 1315 844 1355 addo,
875 1315 984 1346 omnia
1015 1314 1199 1356 exscripsit,
1227 1314 1442 1345 Floriacensis
1476 1328 1479 1331 ·

164 1370 322 1410 interpres
347 1369 432 1410 quod
456 1380 475 1399 a
499 1368 610 1400 Servio
636 1369 790 1400 omissum
815 1379 884 1400 esse
908 1368 1039 1399 videbat
1059 1368 1230 1409 supplevit.
1266 1368 1443 1398 eommunis

158 1424 272 1454 autem
297 1433 406 1453 eorum
431 1423 543 1453 auctor
573 1433 609 1453 ex
634 1422 667 1453 P.
692 1421 818 1453 Lavinii
844 1421 881 1452 de
906 1421 1010 1452 verbis
1040 1421 1178 1453 sordidis
1202 1421 1285 1452 libro
1311 1432 1368 1452 sua
1392 1431 1442 1461 pe>

166 1476 295 1516 tiverat,
319 1486 356 1506 ex
382 1486 444 1517 quo
469 1474 592 1506 Gellius
617 1474 692 1517 (XX
711 1473 764 1517 11)
790 1475 869 1506 haee
894 1475 1017 1516 profert
1041 1474 1228 1516 ‘utrumque
1253 1474 1443 1505 vocabulum

166 1528 245 1570 (scil.
278 1529 390 1560 sculna
422 1531 454 1560 et
485 1528 664 1569 sequester)
697 1540 716 1560 a
747 1529 906 1570 sequendo
939 1528 1060 1559 factum
1086 1530 1149 1569 est,
1181 1527 1266 1569 quod
1297 1527 1364 1559 eius
1389 1528 1443 1568 qui

167 1583 286 1614 electus
311 1582 353 1613 sit
377 1583 513 1623 utraque
538 1593 612 1623 pars
634 1582 729 1613 fidem
755 1581 932 1622 sequatur-⁵.
972 1582 1008 1613 cf.
1034 1581 1120 1613 Suet.
1137 1582 1222 1612 verb.
1235 1581 1303 1622 diff.
1317 1593 1350 1622 p.
1365 1581 1444 1621 276,

169 1637 206 1667 11
232 1635 418 1667 Reiffersoh.

256 1688 308 1720 Or.
333 1688 411 1720 XIV
435 1689 468 1730 4,
493 1689 535 1720 20
564 1699 626 1729 qua
650 1687 852 1730 paragrapho
884 1687 922 1718 de
952 1687 1068 1719 Tuscia
1097 1688 1205 1729 agitur
1233 1687 1375 1718 Isidorus
1404 1686 1443 1718 iis

169 1753 249 1784 quae
274 1753 311 1772 ex
337 1741 438 1773 Servii
462 1741 502 1774 ad
526 1741 605 1773 Aen.
626 1741 658 1772 II
680 1742 740 1772 781
768 1740 890 1772 scholio
915 1741 1115 1782 deprompsit
1139 1741 1217 1772 haee
1242 1752 1276 1772 ex
1304 1740 1444 1771 eiusdem

169 1795 208 1826 ad
232 1795 311 1826 Aen.
334 1794 398 1826 XII
424 1795 485 1826 753
512 1794 635 1826 scholio
660 1794 854 1835 interposuit
890 1795 1016 1826 Vmbria
1045 1805 1113 1826 vero
1134 1805 1211 1835 pars
1237 1794 1374 1825 Tusciae.
1412 1793 1444 1824 in

168 1848 208 1879 iis
233 1859 313 1889 quae
337 1850 356 1887 ξ
380 1848 419 1879 21
447 1848 484 1879 de
508 1847 645 1879 Vmbria
670 1848 755 1879 dicta
779 1850 854 1879 sunt
883 1848 1039 1889 quaedam
1069 1859 1141 1879 eum
1165 1847 1379 1879 Floriaoensis
1405 1847 1442 1878 ad

168 1901 238 1933 XII.
275 1901 351 1932 libri
380 1912 507 1932 versum
537 1901 756 1933 additamento
787 1902 1000 1933 consentiunt.
1039 1901 1093 1933 sed
1123 1901 1216 1933 facile
1245 1901 1446 1942 intellegitur

169 1965 250 1996 quae
273 1953 325 1984 his
350 1953 428 1985 loeis
458 1954 496 1985 de
520 1954 719 1986 Vmbrorum
749 1957 780 1986 et
809 1955 934 1996 origine
959 1957 991 1986 et
1015 1955 1143 1986 nomine
1168 1954 1315 1996 exposita
1340 1954 1405 1985 sint
1428 1966 1446 1985 a

170 2007 273 2039 Servii
305 2007 439 2038 oonsilio
476 2008 581 2040 aliena
612 2019 689 2040 esse.
734 2019 831 2049 quare
863 2011 899 2040 ut
930 2008 1144 2040 Floriacensis
1177 2007 1367 2039 scholiastes
1399 2007 1445 2038 ita

169 2061 313 2093 Isidorus
345 2060 444 2091 alium
475 2062 638 2092 auctorem
669 2064 795 2094 secutus
828 2064 885 2093 est.
931 2062 969 2094 cf.
1001 2073 1046 2094 or.
1074 2062 1120 2093 IX
1149 2062 1182 2102 2,
1211 2061 1262 2092 87.
1307 2062 1445 2102 quaestt.

172 2114 260 2146 Serv.
283 2125 311 2155 p.
337 2114 364 2144 6.

260 2167 347 2205 Quae
372 2166 516 2198 Isidorus
547 2179 590 2199 or.
614 2167 674 2200 XV
699 2169 734 2209 2,
758 2169 800 2200 22
826 2168 956 2209 scripsit
984 2168 1082 2199 Porta
1113 2169 1226 2200 dieitur
1253 2168 1327 2207 quia
1349 2169 1447 2207 potest

170 2221 214 2253 vel
237 2220 400 2261 importari
423 2221 542 2261 aliquid
564 2221 610 2252 vel
631 2222 799 2262 ewportari,
822 2222 948 2262 proprie
971 2224 1073 2253 autem
1091 2224 1184 2262 porta
1207 2223 1261 2252 aut
1284 2221 1368 2251 urbis
1391 2222 1446 2250 aut

244 2336 268 2368 1)
289 2343 360 2368 quae
380 2335 458 2361 uncis
480 2334 623 2368 quadratis
643 2334 742 2361 inclusi
761 2334 920 2369 pleniorum
940 2335 1074 2362 librorum
1095 2336 1165 2362 sunt.
