1690 2611
513 141 625 168 COMM.
645 141 685 167 IN
704 139 811 167 VERG.
831 140 914 167 AEN.
935 141 954 166 I.
975 143 1087 167 25—27.
1397 140 1439 171 23

162 235 220 266 pro
250 223 376 255 Venere
405 225 517 255 contra
549 223 705 254 Iunonem
733 221 976 262 Minervamque
1005 221 1163 253 iudicasse
1192 222 1227 253 de
1253 222 1364 261 forma.
1414 225 1443 254 et

163 278 232 309 bene
256 276 421 308 ‘inflictum
445 275 599 317 Paridis,
623 286 686 307 11011
706 276 810 315 favor,
838 285 876 306 ne
903 285 936 306 re
962 285 1034 306 vera
1061 276 1200 306 videatur
1228 275 1353 314 offensa.
1398 277 1442 308 sic

162 332 244 362 cm'm
276 331 341 370 ayit
366 333 472 372 pocta,
504 333 538 361 ut
569 331 597 361 et
624 329 706 360 Imm
739 338 849 360 causas
878 328 1030 359 vio-ascendi*
1061 328 1183 368 habeat,
1216 331 1243 359 et
1275 331 1376 360 tamen
1406 330 1442 360 in

162 384 268 415 Aenea
290 383 378 414 malla
401 384 443 414 stt
469 383 567 423 culpa.
658 390 886 418 SPRETAEQVE
916 390 1053 412 INIVRIA
1083 389 1224 412 FORMAE
1254 383 1441 423 epexegesis

163 439 225 478 est,
249 436 310 467 hoe
334 436 418 468 enim
442 436 505 468 fuit
528 436 681 467 iudicium
701 435 840 466 Paridis:
864 436 900 465 ut
925 433 1019 475 ‘que'
1044 433 1206 474 particula
1229 437 1334 476 vacet,
1360 436 1443 467 sicut
1461 441 1476 464 5

162 490 218 521 illo
243 490 314 521 loco
344 490 521 531 dixitque
550 490 587 520 et
615 488 764 529 proelia
792 498 883 519 voce
912 486 1078 518 diremit.
1125 487 1201 518 licet
1230 488 1324 519 multi
1353 500 1442 529 sepa-

162 545 234 574 rent
264 543 407 574 dicentes
438 543 525 574 aliud
556 553 640 581 esse;
676 552 851 582 numquam
883 540 970 571 enim
1003 540 1185 571 coniunctio
1217 541 1349 581 ponitur
1380 542 1442 572 nisi

162 597 247 628 inter
273 597 350 627 duas
374 607 434 627 res.
480 598 513 627 et
542 595 686 636 ‘spretae
714 593 853 626 formae'
882 594 1026 625 referunt
1055 593 1094 624 ad
1122 592 1337 635 Antigonam,
1362 594 1441 626 Lao-

161 649 321 680 medontis
352 649 468 690 filiam,
500 660 596 690 quam
629 660 647 679 a
677 648 800 679 Iunone
831 649 965 688 propter
995 646 1118 678 formae
1152 646 1378 688 adrogantiam
1409 648 1442 678 in

161 702 318 734 ciconiam
342 703 471 733 constat
495 713 565 733 esse
590 712 786 733 conversam.
1460 708 1491 731 10

249 755 300 787 28.
337 763 382 785 ΕΤ
414 763 528 786 GENVS
565 764 711 786 INVISVM
746 756 878 795 propter
908 753 1096 784 Dardanum
1125 752 1273 784 Electrae
1306 754 1439 794 paelicis

160 809 272 840 filium.
362 817 467 839 RAPTI
496 808 649 848 stuprati,
678 810 714 839 ut
743 810 792 839 est
821 809 934 848 rapta
962 806 1237 838 Garamantide
1265 807 1439 847 nympha.

159 862 237 893 item
269 864 305 893 et
335 865 469 902 raptas
501 862 583 893 sine
614 873 716 893 more
747 860 918 892 Sabinas.
969 860 1014 891 vel
1043 862 1118 891 certe
1147 860 1227 899 quod
1253 861 1296 891 ad
1324 860 1440 891 caclmn

160 918 268 955 raptus
290 915 331 946 sit
353 926 372 946 a
395 915 467 946 Iove
485 925 542 955 per
565 915 716 954 aquilam,
739 917 775 946 ut
800 914 990 946 sublimem
1008 913 1163 953 pedibus
1186 914 1314 953 rapuit
1336 914 1439 945 Iovis

160 969 321 1008 armiyer
348 969 460 999 uncis.
553 976 759 999 GAMYMEDIS
789 976 951 999 HONORES
981 967 1071 1008 Τ1·ο1,
1100 967 1186 1008 regis
1215 966 1437 1008 Troianorum,
1458 974 1490 997 15

159 1021 226 1052 filii.
280 1021 449 1053 ‘honores'
484 1023 591 1053 autem
624 1022 706 1053 dixit
738 1021 789 1052 vel
822 1022 954 1062 propter
990 1020 1208 1051 ministerium
1240 1020 1438 1061 poculorum,

231 1148 245 1170 6
273 1144 409 1178 dixitque]
438 1144 469 1170 A.
494 1144 518 1169 V
542 1147 593 1170 467
617 1145 625 1177 ΙΙ
649 1146 663 1169 S
691 1144 858 1181 Antigonam
886 1152 907 1169 e.
933 1152 958 1176 q.
983 1143 1016 1177 s,]
1045 1151 1128 1169 exscr.
1149 1143 1296 1183 mythogr.
1321 1144 1345 1168 ΙΙ
1371 1146 1403 1169 69
1429 1144 1438 1195 μ

160 1183 192 1205 12
213 1180 304 1214 rapta]
325 1181 355 1206 A.
377 1180 413 1205 lV
435 1182 484 1205 198
508 1180 517 1212 ΙΙ
542 1182 573 1205 13
598 1181 626 1205 et
649 1180 756 1213 raptas]
782 1180 814 1205 A.
836 1179 898 1205 VIII
919 1182 968 1205 635
993 1180 1001 1212 ΙΙ
1027 1182 1058 1204 14
1083 1178 1242 1213 sublimem]
1264 1180 1295 1205 A.
1316 1179 1339 1204 V
1359 1182 1410 1204 ‘355
1430 1183 1438 1213 ᾗ

132 1252 138 1256 1
160 1219 191 1241 16
211 1216 329 1242 honores
349 1237 354 1241 .
371 1237 376 1242 .
394 1236 398 1241 .
419 1215 488 1249 filia]
509 1215 647 1249 niythogr.
668 1215 693 1240 II
715 1218 774 1241 198.
795 1215 872 1240 Luct.
893 1215 967 1240 Plan.
988 1214 1022 1240 ad
1043 1214 1112 1241 Stat.
1133 1214 1220 1240 Theb.
1242 1214 1251 1239 I
1272 1217 1323 1240 548

158 1322 295 1348 Venerem
315 1321 467 1355 procellere
487 1321 515 1347 in
541 1321 631 1347 forma
653 1321 790 1347 iudicavit
815 1321 858 1346 his
882 1321 989 1347 duabus
1014 1321 1042 1346 ct
1064 1320 1186 1353 reliquis.
1224 1329 1280 1354 qua
1303 1329 1335 1347 ex
1355 1329 1438 1347 causa

158 1356 270 1383 Iunonis
294 1357 349 1382 iras
375 1357 527 1383 commouit
551 1357 703 1390 (cognouit)
728 1357 757 1382 in
776 1357 911 1383 Troianos
931 1356 1065 1389 (trianos).
1103 1356 1149 1381 sed
1170 1356 1222 1382 hoc
1247 1355 1343 1382 dicunt
1362 1357 1436 1390 qnod

158 1392 236 1419 Paris
260 1392 289 1418 in
315 1400 411 1418 somno
434 1392 513 1419 uidit.
552 1392 722 1426 Spretaeque
746 1392 847 1418 iniuria
870 1392 989 1426 formae]
1017 1391 1177 1425 epexegesis
1196 1392 1237 1417 est
1257 1412 1262 1416 .
1327 1393 1438 1418 constat

159 1436 218 1454 esse
238 1436 408 1454 conuersam.
434 1428 461 1453 P
481 1428 490 1460 n
512 1429 579 1453 nota
670 1427 819 1461 iudicasse]
848 1427 876 1452 in
902 1436 956 1460 quo
982 1435 1032 1461 pro
1059 1435 1160 1452 uenere
1186 1427 1261 1459 paris
1288 1427 1436 1453 alexander

161 1464 258 1489 contra
276 1463 407 1489 iunonem
426 1463 635 1496 mineruamque
654 1462 791 1488 iudicauit
808 1463 879 1488 BM
900 1464 909 1495 11
933 1466 947 1488 5
968 1462 1053 1496 enim]
1075 1463 1167 1488 autem
1189 1462 1211 1487 U
1231 1463 1240 1495 Η
1263 1470 1316 1495 que
1342 1463 1436 1488 autem

158 1498 297 1532 particula
320 1499 405 1524 uacat
425 1498 452 1523 P
473 1499 535 1532 ssfsll
554 1499 647 1524 autem
670 1498 810 1531 particula
833 1499 916 1524 uacat
942 1498 964 1524 Ο
985 1498 1110 1530 (rasurae
1133 1498 1235 1530 utque
1259 1506 1391 1530 διψῶ-εον.
1412 1501 1436 1523 ct

160 1535 253 1560 autem
273 1534 408 1567 capunoeit
429 1533 461 1559 0³
485 1535 493 1566 [Ι
518 1538 532 1559 6
552 1533 646 1567 multi]
670 1542 725 1559 non
744 1533 815 1559 nulli
834 1534 903 1559 BM
925 1535 933 1567 Ι]
957 1537 972 1559 8
992 1533 1097 1559 formae
1118 1554 1123 1558 .
1141 1553 1145 1558 .
1163 1555 1168 1559 .
1188 1533 1293 1559 formae
1313 1541 1362 1559 om.
1382 1533 1409 1558 B
1428 1534 1436 1567 {l

160 1569 323 1602 antigonam
344 1568 409 1594 GP.-
433 1569 595 1602 antigonem
615 1569 754 1594 KLHM
776 1570 784 1602 ss
810 1572 839 1594 11
861 1569 898 1595 ad
916 1577 939 1595 v.
956 1572 989 1595 28
1009 1569 1045 1594 Et
1064 1577 1150 1602 genus
1170 1568 1302 1603 inuisum]
1323 1570 1436 1602 propter

159 1604 318 1630 Dardanum
338 1604 466 1630 Electrae
490 1604 600 1638 pellicis
624 1604 723 1637 filium,
748 1612 819 1637 quae
844 1605 872 1630 et
895 1613 962 1630 uxor
986 1604 1059 1629 Iouis
1084 1603 1214 1636 (iunonis)
1239 1604 1299 1629 fuit.
1337 1604 1434 1638 Rapti]

159 1639 291 1673 stuprati,
311 1639 340 1665 id
359 1640 402 1665 est
420 1640 556 1673 corrupti,
576 1640 607 1665 ut
626 1641 669 1665 est
688 1661 692 1665 .
709 1661 714 1666 .
732 1661 737 1666 .
759 1640 882 1666 Sabinas.
912 1640 957 1665 uel
977 1640 1051 1665 certe
1071 1639 1145 1672 quod
1165 1639 1200 1664 ad
1216 1639 1322 1665 caelum
1339 1640 1434 1672 raptus

157 1675 193 1701 sit
212 1683 229 1701 a
246 1675 312 1701 Ioue
332 1683 381 1708 per
400 1675 535 1708 aquilam,
561 1683 630 1708 quae
650 1675 723 1701 Iouis
743 1675 863 1708 armiger
882 1675 990 1701 dicitur.
1029 1674 1197 1707 Ganymedis
1217 1674 1348 1708 honores]
1369 1674 1435 1701 Troi

236 1709 419 1736 ministerium
443 1710 608 1744 poculorum
634 1711 742 1737 remota
759 1710 837 1736 Hebe
857 1711 928 1743 (ab),
954 1710 1012 1736 filia
1038 1709 1164 1741 lunonis,
1190 1710 1235 1735 uel
1262 1710 1336 1742 quod
1363 1710 1436 1736 inter

159 1745 250 1771 sidera
270 1746 422 1772 collocatus
442 1746 550 1779 aquarii
569 1754 670 1772 nomen
689 1746 806 1779 accepit.
835 1747 863 1771 et
881 1754 936 1772 non
956 1746 992 1772 ob
1008 1746 1061 1771 hoc
1081 1746 1190 1771 tantum
1209 1745 1338 1771 irascitur
1358 1746 1434 1777 luno,

159 1781 207 1806 sed
226 1781 300 1814 quod
318 1781 439 1807 uiolatus
459 1781 509 1814 sit,
529 1782 560 1807 ut
579 1781 688 1807 diuinos
708 1782 824 1807 honores
845 1782 1065 1814 consequeretur.
1088 1781 1114 1806 P
1127 1782 1136 1814 ΙΙ
1150 1781 1262 1814 propter
1281 1781 1435 1807 dardanum

158 1816 277 1842 electrae
296 1816 410 1850 paelicis
429 1816 517 1842 filium
533 1817 564 1842 K
569 1816 601 1848 G,
620 1817 678 1843 uisi
696 1817 767 1850 quod
786 1817 831 1842 uel
851 1818 965 1850 propter
983 1816 1116 1842 iudicium
1131 1816 1234 1849 paridis
1253 1816 1328 1849 quod
1348 1816 1434 1842 omni-

1283 1861 1380 1880 electrne

158 1887 209 1913 bus
227 1888 324 1913 notum
339 1888 381 1912 est
400 1888 462 1913 add.
480 1887 512 1920 G,
528 1896 595 1921 quae
611 1888 644 1914 0³³
659 1890 689 1913 ut
703 1888 810 1914 videtwr
824 1889 971 1921 emmona-it.-
986 1888 1100 1921 propter
1115 1887 1269 1913 dardanum
1284 1887 1434 1921 ectriplicis

160 1922 233 1948 filia'e
253 1921 368 1948 atlantis
383 1922 471 1948 filium
490 1931 506 1948 a
522 1931 574 1956 qno
590 1922 668 1956 origo
684 1923 794 1949 troiana
808 1923 952 1949 deducitur
966 1923 993 1948 B
1017 1923 1131 1963 propter
1146 1922 1300 1948 dardanum
1315 1923 1433 1948 electrae

159 1958 232 1983 filiae
251 1957 365 1983 atlantis
384 1957 472 1983 filium
491 1966 508 1984 a
527 1967 582 1992 quo
602 1959 679 1992 origo
698 1959 808 1984 troiana
823 1959 968 1984 deducitur
982 1959 1052 1990 LH,
1072 1959 1127 1984 nisi
1146 1958 1217 1991 quod
1232 1961 1295 1990 pos-t
1315 1958 1434 1984 electiae

159 1993 222 2019 add.
247 1992 291 2018 uel
311 1992 354 2024 H,
380 1993 477 2026 pelicis
496 2002 627 2026 supersm.
649 1995 663 2020 I.
703 1995 815 2027 propter
835 1994 986 2020 dardanum
1008 1994 1126 2020 electrae
1146 1993 1261 2027 paelicis
1280 1993 1354 2019 filiae
1374 1993 1433 2018 ath-

158 2027 242 2054 lantis
262 2027 348 2053 filium
369 2036 385 2054 a
404 2037 457 2061 quo
477 2029 612 2062 originem
631 2028 732 2055 troiani
747 2029 852 2055 ducunt
868 2029 951 2061 MC&
971 2030 1026 2055 nesi
1040 2030 1111 2063 qnod
1132 2038 1148 2055 m
1162 2038 1216 2062 quo
1232 2029 1310 2062 origo
1325 2029 1386 2054 troi
1383 2037 1435 2054 ma

1220 2074 1228 2092 1

158 2098 303 2125 deducitur
322 2098 357 2125 (1³
384 2100 498 2132 popter
512 2099 664 2125 (laidanum
679 2100 797 2126 electrae
812 2099 927 2133 paelicis
942 2099 1038 2125 filium.
1068 2100 1173 2126 electra
1191 2100 1271 2133 pelex
1290 2099 1364 2126 fuit
1357 2108 1432 2125 iuno-

158 2134 200 2160 nis
220 2134 302 2167 (iouis
318 2134 356 2167 D)
376 2143 408 2160 ex
425 2143 479 2167 qua
494 2134 632 2160 dardanus
647 2136 728 2161 natus
744 2136 798 2167 est,
819 2144 835 2160 a
850 2143 903 2167 quo
919 2135 1033 2161 Troiani
1048 2135 1183 2168 originem
1198 2135 1303 2161 ducunt
1322 2135 1432 2160 Karoh'-

160 2179 284 2204 ruhmzsis
304 2179 405 2204 CXVI
426 2181 449 2204 et
469 2178 497 2203 D
520 2179 529 2211 ΙΙ
553 2182 584 2204 12
605 2180 636 2204 ut
654 2179 696 2204 est
715 2179 740 2204 B
749 2178 818 2204 GH.-
838 2179 905 2204 alibi
925 2180 953 2204 et
971 2179 1043 2204 ΚΜ
1061 2180 1092 2204 ut
1111 2179 1179 2204 alibi
1198 2180 1226 2205 et
1244 2180 1269 2204 L
1283 2180 1292 2212 ΙΙ
1314 2183 1345 2204 13
1366 2179 1433 2204 item

158 2222 207 2240 om.
227 2214 323 2239 BCM
346 2215 355 2247 11
379 2215 407 2240 et
432 2222 481 2240 om.
507 2214 573 2239 ΚΗ
594 2215 602 2247 ΙΙ
626 2214 754 2247 Sabinas]
780 2214 826 2240 uel
851 2215 933 2247 rapta
959 2214 1078 2248 raptoris
1104 2215 1223 2241 mortem
1249 2215 1294 2240 uel
1319 2213 1432 2246 nuptius

158 2250 237 2282 aptet
255 2249 317 2275 add.
340 2249 367 2275 O.
404 2249 515 2283 nuptias
532 2257 583 2282 pro
602 2249 715 2282 nuptias
736 2248 771 2275 62
794 2250 875 2282 optat
889 2257 942 2282 pro
961 2250 1040 2282 aptet
1060 2250 1128 2275 coni.
1148 2250 1290 2283 Baryktius.
1319 2257 1375 2274 non
1393 2256 1432 2273 rc-

159 2285 217 2317 cepi
242 2285 306 2310 haec
331 2285 425 2316 verba,
453 2293 521 2318 [sitae
549 2293 581 2310 esc
609 2285 834 2310 declamationum
863 2285 1029 2317 ao'ymnentts
1057 2286 1198 2318 desumpta
1223 2294 1275 2311 csse
1301 2284 1433 2309 z'ntellcuit

158 2319 340 2346 Burmannus
363 2321 372 2352 ss
396 2323 428 2345 15
449 2320 514 2346 Troi
533 2320 610 2352 libri,
629 2320 685 2345 nisi
704 2320 775 2353 quod
794 2319 859 2346 troii
878 2320 911 2345 L.
940 2321 973 2352 ef.
995 2321 1086 2346 adnot.
1106 2322 1166 2347 crit.
1187 2321 1223 2346 acl
1243 2321 1309 2345 Aen.
1328 2319 1366 2344 ΙΙΙ
1384 2321 1431 2344 108

159 2357 183 2380 et
202 2355 225 2380 V
246 2358 310 2381 252:
330 2355 418 2381 Troili
438 2356 626 2389 uwthoqrccphi
645 2358 669 2381 ct
688 2355 822 2388 Guelferb.
844 2356 864 2380 Ι
886 2355 964 2381 Trois
984 2365 1008 2389 φ
