1690 2611
471 126 583 152 COMM.
603 126 642 152 IN
661 124 767 152 VERG.
787 124 870 150 AEN.
890 125 910 152 Ι.
930 128 1079 152 547-551,
1350 124 1411 154 169

136 208 329 250 promissam
362 218 526 238 murorum
564 206 741 238 mercedem
774 206 925 246 Neptuno
965 207 996 236 et
1029 206 1177 246 Apollini
1214 206 1414 247 denegasset,

137 261 307 302 Neptunus
340 261 441 292 iratus
471 260 588 292 Troiae
620 259 746 291 inmisit
780 261 868 291 cetos
903 259 987 300 quod
1021 270 1092 289 eam
1125 261 1276 290 vastaret.
1332 259 1414 290 unde

138 314 259 355 Apollo
280 314 460 354 consultus,
481 325 551 345 cum
571 316 603 345 et
623 314 692 354 ipse
711 313 911 350 irasceretur,
931 312 1095 344 contraria
1114 313 1280 352 respondit
1299 312 1415 353 dicens,

137 367 319 399 obiciendae
343 367 468 408 puellas
492 367 617 398 nobiles
642 366 764 397 beluae.
794 366 879 407 quod
903 377 976 397 cum
1000 366 1091 397 fieret
1114 365 1233 396 timens
1256 365 1415 406 Hippotes

137 420 268 462 quidam
291 420 411 451 nobilis
436 420 522 451 filiae
545 420 701 460 Egestae,
726 430 798 450 eum
821 418 1052 450 Laomedontis
1076 419 1163 459 regis
1183 418 1327 449 Hesiona
1350 419 1414 449 iam

138 475 223 505 esset
253 475 325 504 orta
353 473 510 504 seditione
538 473 689 514 religata,
719 472 895 513 inpositam
928 483 998 503 eam
1028 472 1103 503 navi
1134 472 1225 503 misit
1256 483 1317 512 quo
1349 472 1415 502 fors

137 526 275 558 tulisset.
308 526 387 558 haec
412 526 451 557 ad
472 524 615 557 Siciliam
641 525 748 556 delata
775 537 793 556 a
817 524 971 556 Crimisso
996 525 1108 566 fluvio,
1135 536 1230 566 quem
1255 522 1415 555 Crinisum

139 579 303 621 Vergilius
328 580 455 620 poetica
478 579 609 610 licentia
633 581 740 619 vocat,
765 589 917 609 converso
943 578 976 608 in
999 589 1110 609 ursum
1135 578 1185 609 vel
1211 588 1321 608 canem
1347 588 1415 608 eon-

139 644 250 673 pressa
283 632 382 663 edidit
414 632 566 673 Acesten,
600 632 653 673 qui
688 643 725 662 ex
758 632 870 663 matris
904 631 1034 662 nomine
1068 631 1235 663 civitatem
1267 630 1416 662 Troianis

139 685 292 726 condidit,
321 697 400 727 quae
433 685 528 717 hodie
562 684 697 726 Segesta
725 685 921 717 nominatur.
1023 698 1204 720 TRomxoorc
1226 699 1244 717 ,1
1269 698 1419 717 ,sm-omi:

141 752 252 770 cums
274 751 398 771 ,messes
416 739 486 770 bene
502 739 650 779 Troiano,
671 741 703 770 ut
727 749 839 770 necesse
857 738 965 770 habeat
983 739 1011 770 si
1023 739 1113 778 passi
1130 739 1249 777 fuerint
1268 738 1415 769 iniuriam

141 793 309 829 vindicare,
333 792 414 831 quod
435 792 467 823 in
488 793 645 832 principio
670 793 740 824 liene
763 793 865 824 tacuit.
893 793 928 824 de
951 793 1058 824 Aceste
1080 794 1182 823 autem
1204 792 1313 831 fabula
1338 792 1417 823 talis.

138 856 206 876 eum
236 845 411 876 Laomedon
435 846 624 885 promissam
654 856 814 877 wezoerormn
848 847 1009 877 mercedem
1040 845 1182 886 Neptuno
1214 848 1242 876 et
1274 845 1418 885 Apollini

138 899 320 939 deneyasset,
344 899 506 939 Nqatmms
532 900 631 931 iratus
651 899 762 930 Troiae
783 900 901 931 imuisit
923 902 999 931 cetos
1016 910 1074 939 per
1097 899 1177 938 quod
1194 899 1295 929 vicina
1319 899 1418 930 litoris

136 955 338 984 vastarentur.
387 953 464 983 unde
487 952 599 992 Apollo
623 953 789 993 consultus,
813 964 880 984 cum
904 956 932 984 et
956 954 1017 993 ipse
1043 953 1234 992 irasceretur,
1258 953 1415 984 contraria

137 1006 292 1046 respondit
323 1006 423 1036 diceus
455 1006 626 1037 obiciendus
657 1006 777 1046 puellos
810 1007 922 1038 nobiles
954 1007 1064 1037 beluac.
1119 1006 1200 1045 quod
1230 1016 1299 1037 cum
1330 1016 1418 1045 saepe

135 1060 220 1098 lieret
246 1061 274 1090 et
300 1059 516 1090 Laomedontis
545 1059 685 1090 Hesiona
721 1060 785 1090 iam
816 1062 890 1090 esset
919 1060 961 1090 (ul
990 1059 1146 1099 scopulum
1177 1061 1243 1090 orta
1274 1060 1418 1090 seditione

137 1113 281 1152 reliyata,
304 1122 366 1143 non
389 1112 470 1143 nulli
490 1115 634 1152 parentes
658 1123 782 1153 pereffre
811 1114 928 1144 mittere
954 1113 1039 1152 filias
1066 1123 1160 1152 quam
1187 1113 1270 1144 domi
1291 1114 1418 1153 perdere

137 1165 328 1202 maluermzt;
353 1175 426 1195 nam
450 1165 509 1196 alii
531 1165 699 1197 avellendus
723 1166 941 1197 mercatoribus
966 1167 1166 1197 tradiderunt.
1207 1167 1314 1197 timeus
1337 1166 1418 1206 Hip-

132 1221 216 1259 potes
245 1218 320 1257 †vel
350 1218 531 1257 ipsostratus
558 1219 659 1259 filiam
683 1219 828 1259 Eyestam
864 1219 1028 1259 inpositam
1058 1220 1130 1251 navi
1159 1220 1244 1251 misit
1271 1229 1328 1259 quo
1351 1219 1418 1258 fors

138 1272 262 1303 tulisset.
308 1270 380 1302 haec-
403 1272 445 1302 ad
467 1271 608 1302 Siciliam
637 1273 732 1303 centis
760 1273 858 1303 delata
887 1282 906 1302 α
931 1271 1079 1304 Crimisso
1102 1273 1210 1313 fluvio,
1239 1283 1326 1312 quem
1350 1271 1418 1304 Cri-

140 1326 242 1357 nisum
272 1325 423 1365 Veiyilius
440 1326 561 1364 poetica
586 1325 707 1356 licentia
735 1328 828 1363 coeat,
859 1336 998 1357 converso
1024 1327 1056 1357 in
1082 1336 1201 1366 ursum,
1225 1326 1270 1357 vel
1292 1328 1327 1357 ‘ut
1354 1326 1418 1365 qui-

138 1379 211 1410 dam
230 1378 335 1409 volunt
352 1379 385 1409 in
400 1389 517 1419 cariem,
538 1389 697 1419 conpressa
720 1379 815 1410 edidit
828 1379 988 1420 Eycstum,
1007 1390 1095 1419 quem
1116 1379 1268 1419 Vergilius
1282 1380 1419 1410 Acestem

140 1434 236 1469 vocat,
260 1432 314 1471 qui
337 1432 447 1463 ›natris
470 1432 592 1463 nomine
613 1432 764 1463 civitatem
781 1432 927 1464 Troianis
950 1433 1097 1473 condidit,
1121 1442 1199 1472 (luae
1221 1434 1291 1463 aute
1305 1432 1419 1473 Eyesta

143 1486 208 1524 post
231 1483 351 1524 Segsesta
377 1485 536 1516 nonu'nata
559 1487 608 1516 est.

227 1537 300 1568 551.
339 1546 545 1574 QVASSATAM
569 1547 692 1569 VENTIS
717 1539 856 1578 quamvis
879 1539 920 1570 sit
942 1539 1028 1570 iusta
1052 1539 1180 1580 petitio,
1204 1542 1305 1571 tamen
1323 1551 1419 1581 prope

141 1591 285 1622 invidiose
308 1591 449 1631 ostendit,
473 1602 565 1631 quam
589 1592 630 1622 sit
653 1602 700 1623 res
722 1602 816 1631 quam
834 1593 913 1632 petit
940 1593 1058 1632 exissem.
1151 1601 1355 1625 SVBDVCERE
1384 1594 1418 1625 in

210 1689 241 1712 12
267 1686 300 1713 de
326 1686 426 1713 Aceste
445 1688 538 1713 autem
558 1696 579 1713 e.
597 1697 622 1721 q.
638 1688 671 1721 si]
697 1688 730 1713 cf.
755 1688 790 1714 ad
815 1688 881 1714 Aen,
901 1688 926 1713 V
946 1692 987 1715 30.
1021 1697 1107 1715 exscr.
1126 1689 1266 1722 mythogr.
1287 1690 1298 1714 Ι
1321 1692 1369 1715 136
1390 1690 1418 1715 et

141 1725 199 1748 137.
219 1722 243 1747 [l
265 1725 313 1748 193
338 1723 346 1756 11
371 1726 402 1748 27
424 1733 574 1749 svssnvcnm:
595 1745 600 1750 .
617 1744 622 1748 .
639 1744 644 1749 .
665 1723 746 1757 socii]
768 1723 893 1750 Servium
914 1732 999 1750 exscr.
1020 1724 1083 1750 Isid.
1104 1724 1160 1750 diff.
1181 1724 1255 1750 verb.
1279 1728 1327 1751 156

213 1814 227 1836 2
248 1812 323 1837 cetos
343 1811 382 1836 L:
401 1812 494 1837 coetus
513 1811 580 1836 ΒΗ
596 1812 689 1838 cactos
711 1812 746 1837 M
767 1813 776 1845 11
799 1813 943 1838 uastarent
964 1813 1013 1838 Ml
1035 1814 1044 1847 11
1068 1817 1082 1839 3
1103 1812 1192 1847 magis
1213 1813 1329 1839 aduersa
1348 1813 1420 1840 BM

141 1848 153 1871 1
172 1845 310 1872 contraria
328 1854 458 1879 superscr.
477 1856 501 1872 m
525 1848 534 1880 11
558 1850 573 1873 4
592 1846 721 1880 ippotens
737 1847 761 1873 L
779 1849 898 1882 yppotes
915 1848 945 1873 H
966 1850 975 1881 11
999 1851 1013 1874 5
1034 1848 1147 1882 quidam
1162 1848 1264 1875 nobilis
1284 1857 1333 1875 om.
1349 1849 1421 1875 ΒΜ

111 1881 115 1884 ’
140 1882 231 1914 (pater
249 1881 363 1914 quidam
382 1882 483 1908 nobilis
501 1891 633 1915 superscr.
654 1885 689 1915 m)
704 1884 713 1916 11
732 1884 842 1917 egestae
863 1883 929 1909 LM
949 1885 1078 1917 aegestae
1098 1884 1124 1909 B
1144 1885 1239 1918 egeste
1259 1884 1341 1917 11117
1362 1884 1418 1910 Cri-

140 1917 224 1943 misso
243 1917 342 1950 scripsi
362 1917 547 1943 Cassellanum
561 1921 681 1944 secutus.-
700 1918 800 1945 criniso
820 1919 877 1944 BL
896 1919 1018 1951 (erinisio
1033 1921 1052 1952 I)
1073 1919 1169 1946 erinno
1184 1920 1217 1945 H
1228 1921 1310 1953 (quod
1324 1921 1420 1953 prima

144 1955 172 1978 ut
191 1953 298 1979 videtur
318 1961 414 1978 nimius
429 1953 550 1985 primum
575 1954 604 1979 in
623 1953 724 1980 crisino
745 1956 799 1980 tum
826 1955 855 1980 in
879 1955 980 1981 criniso
1001 1956 1126 1988 mutavit)
1147 1955 1256 1981 crinoso
1278 1956 1314 1981 M
1335 1957 1344 1989 11
1368 1956 1418 1982 cri-

141 1988 233 2014 nisnm
257 1987 375 2013 BHM:
400 1988 529 2014 crinisum
554 1997 586 2014 ccc
609 1989 745 2015 crenisum
765 1990 790 2015 L
813 1991 822 2022 11
846 1994 860 2016 9
886 1990 1009 2016 condidit
1032 1991 1176 2017 ciuitatem
1196 1991 1266 2016 BJI
1289 1991 1419 2023 (troianis

139 2032 214 2056 supr.
236 2032 300 2049 vers.
321 2024 383 2049 add.
405 2025 440 2056 m)
463 2025 472 2056 11
497 2027 528 2049 13
549 2023 677 2050 laomedo
698 2025 721 2050 Ο
738 2026 818 2057 (corr.
841 2026 885 2058 0²)
909 2026 919 2058 11
942 2026 1030 2059 apolli
1050 2026 1072 2052 C
1090 2027 1169 2059 (corr.
1191 2026 1234 2059 0²»)
1258 2027 1267 2059 11
1292 2030 1324 2052 14
1343 2026 1418 2052 dine-

140 2059 236 2092 gasset
255 2058 278 2085 C
298 2059 307 2091 11
332 2059 420 2092 cetos]
442 2067 489 2085 eos
509 2059 531 2084 C
549 2059 629 2085 ethos
650 2059 678 2084 P
698 2061 707 2093 11
730 2069 779 2093 per
803 2068 885 2094 quem
905 2061 960 2086 ΟΡ
981 2063 990 2094 11
1013 2061 1079 2087 uina
1104 2062 1131 2087 P
1152 2062 1161 2094 11
1185 2064 1216 2087 15
1238 2061 1419 2088 uastabantur

142 2094 197 2120 GP
214 2095 372 2120 uastaretur
392 2095 426 2120 0²
449 2095 458 2127 11
484 2097 513 2120 17
539 2094 634 2120 esiona
653 2095 676 2121 (J
696 2096 705 2127 11
731 2099 761 2121 18
786 2096 911 2129 relegata.
931 2096 953 2122 O
974 2097 983 2129 11
1006 2105 1074 2129 quas
1096 2096 1119 2123 0
1140 2098 1218 2130 (corr.
1240 2106 1310 2123 num.
1330 2098 1391 2129 ree.)
1411 2098 1420 2131 41

141 2132 173 2155 19
198 2129 337 2156 abeendas
363 2130 385 2156 G
407 2130 556 2163 (aveendas
580 2138 651 2156 man.
672 2132 732 2163 rec.)
755 2131 764 2163 11
787 2131 916 2164 ippotens
940 2132 963 2158 C
983 2133 992 2165 11
1015 2132 1083 2158 item
1107 2132 1208 2158 timens
1228 2132 1365 2166 Hippotes
1384 2142 1418 2159 ne

139 2165 199 2198 ipse
219 2165 363 2191 orbaretur
382 2166 450 2191 coni.
471 2165 506 2190 F.
527 2166 683 2191 b'eltoellius.
712 2167 826 2198 fortusse
844 2168 863 2193 t.
883 2167 917 2192 H⁴
937 2167 982 2193 vel
1000 2167 1197 2201 Hippostratus
1211 2169 1221 2202 11
1235 2168 1321 2194 filiam
1341 2177 1418 2194 suam

143 2200 170 2225 P
190 2201 199 2234 11
222 2203 253 2226 21
275 2201 304 2231 ej
322 2201 392 2227 haec
412 2201 434 2227 C
453 2201 462 2234 11
485 2201 574 2227 ventis
593 2201 704 2234 scripsi:
723 2201 832 2227 uenerit
851 2202 880 2235 C,
900 2210 948 2228 om.
971 2202 999 2228 P
1019 2203 1028 2236 11
1052 2203 1180 2229 cremisso
1201 2204 1223 2229 C
1251 2203 1360 2230 crisimo
1382 2204 1419 2230 0³

140 2235 250 2262 crimiso
270 2236 296 2261 P
315 2237 325 2269 11
350 2236 463 2263 crinisus
484 2237 511 2262 P
527 2238 536 2269 11
556 2239 588 2262 22
608 2244 702 2262 ursam
722 2236 745 2262 C
761 2245 853 2263 ursem
874 2238 901 2263 P
918 2238 927 2270 11
944 2238 990 2264 vel
1009 2259 1014 2264 .
1031 2260 1036 2264 .
1054 2259 1059 2264 .
1080 2239 1188 2274 canem]
1210 2240 1241 2265 ut
1259 2239 1308 2265 alii
1326 2239 1355 2265 in
1375 2247 1418 2265 ca.-

139 2279 204 2297 nem
224 2271 252 2296 P
272 2273 282 2305 11
305 2274 337 2297 25
362 2273 501 2306 segestam
526 2273 549 2298 G
569 2273 578 2305 11
602 2275 634 2297 ’26
662 2272 698 2298 ad
723 2281 745 2298 r.
767 2275 817 2298 551
838 2272 1008 2308 Subducere]
1027 2273 1057 2300 in
1075 2275 1178 2300 terram
1198 2295 1203 2301 .
1221 2297 1226 2302 .
1243 2296 1248 2301 .
1269 2274 1344 2301 socii.
1366 2275 1393 2299 P

141 2315 296 2335 QVAssmAn
316 2329 321 2333 .
339 2329 343 2334 .
361 2329 366 2333 .
385 2307 485 2341 petitio
505 2316 554 2334 om.
574 2307 601 2332 B
624 2308 633 2340 11
657 2316 811 2340 <insumit
830 2317 923 2335 vexus
948 2319 1041 2336 meur
1067 2319 1217 2337 svnnvcnne
1237 2319 1351 2336 cussum
1372 2309 1394 2335 0
1410 2274 1418 2344 11

141 2341 189 2375 sit]
209 2342 282 2368 sicut
301 2342 323 2368 C
344 2343 353 2376 11
376 2342 452 2376 petio
471 2343 495 2368 L
519 2345 528 2376 11
549 2346 581 2368 ‘37
602 2343 754 2369 subducere
774 2344 868 2370 autem
889 2344 911 2370 O

1440 692 1469 713 10

1438 958 1470 980 15

1438 1491 1470 1515 25
