<?xml version="1.0" encoding="UTF-8"?>
<!DOCTYPE html PUBLIC "-//W3C//DTD XHTML 1.0 Transitional//EN"
    "http://www.w3.org/TR/xhtml1/DTD/xhtml1-transitional.dtd">
<html xmlns="http://www.w3.org/1999/xhtml" xml:lang="en" lang="en">
 <head>
  <title>
</title>
<meta http-equiv="Content-Type" content="text/html;charset=utf-8" />
  <meta name='ocr-system' content='tesseract 3.04.00' />
  <meta name='ocr-capabilities' content='ocr_page ocr_carea ocr_par ocr_line ocrx_word'/>
</head>
<body>
  <div class='ocr_page' id='page_1' title='image "./serviigrammatici01bons_0643.png"; bbox 0 0 1690 2611; ppageno 0'>
   <div class='ocr_carea' id='block_1_1' title="bbox 500 114 1453 148">
    <p class='ocr_par' dir='ltr' id='par_1_1' title="bbox 500 114 1453 148">
     <span class='ocr_line' id='line_1_1' title="bbox 500 114 1453 148; baseline 0 -5"><span class='ocrx_word' id='word_1_1' title='bbox 500 116 612 144; x_wconf 86' lang='lat' dir='ltr'>COMM.</span> <span class='ocrx_word' id='word_1_2' title='bbox 632 117 671 143; x_wconf 86' lang='lat' dir='ltr'>IN</span> <span class='ocrx_word' id='word_1_3' title='bbox 690 116 797 144; x_wconf 78' lang='lat' dir='ltr'>VEB-G.</span> <span class='ocrx_word' id='word_1_4' title='bbox 817 116 900 142; x_wconf 85' lang='lat' dir='ltr'>AEN.</span> <span class='ocrx_word' id='word_1_5' title='bbox 920 116 966 144; x_wconf 78' lang='lat' dir='ltr'>IV.</span> <span class='ocrx_word' id='word_1_6' title='bbox 986 120 1134 143; x_wconf 73' lang='lat'>420—43‘2.</span> <span class='ocrx_word' id='word_1_7' title='bbox 1390 114 1453 148; x_wconf 80' lang='lat'>541</span> 
     </span>
    </p>
   </div>
   <div class='ocr_carea' id='block_1_2' title="bbox 178 197 1509 1685">
    <p class='ocr_par' dir='ltr' id='par_1_2' title="bbox 181 197 1491 453">
     <span class='ocr_line' id='line_1_2' title="bbox 269 197 1457 239; baseline -0.001 -9"><span class='ocrx_word' id='word_1_8' title='bbox 269 197 343 230; x_wconf 80' lang='lat'>426.</span> <span class='ocrx_word' id='word_1_9' title='bbox 381 207 512 230; x_wconf 82' lang='lat' dir='ltr'>AVLIDE</span> <span class='ocrx_word' id='word_1_10' title='bbox 542 207 662 230; x_wconf 84' lang='lat' dir='ltr'>IVRAVI</span> <span class='ocrx_word' id='word_1_11' title='bbox 685 197 778 229; x_wconf 84' lang='lat' dir='ltr'>Aulis</span> <span class='ocrx_word' id='word_1_12' title='bbox 803 198 910 230; x_wconf 82' lang='lat' dir='ltr'>insula</span> <span class='ocrx_word' id='word_1_13' title='bbox 942 201 992 230; x_wconf 84' lang='lat' dir='ltr'>est</span> <span class='ocrx_word' id='word_1_14' title='bbox 1022 199 1054 230; x_wconf 75' lang='lat' dir='ltr'>in</span> <span class='ocrx_word' id='word_1_15' title='bbox 1082 199 1181 239; x_wconf 70' lang='lat' dir='ltr'>Aeyeo</span> <span class='ocrx_word' id='word_1_16' title='bbox 1205 199 1301 239; x_wconf 72' lang='lat' dir='ltr'>mari,</span> <span class='ocrx_word' id='word_1_17' title='bbox 1329 198 1363 229; x_wconf 87' lang='lat' dir='ltr'>in</span> <span class='ocrx_word' id='word_1_18' title='bbox 1393 209 1457 239; x_wconf 89' lang='lat' dir='ltr'>qua</span> 
     </span>
     <span class='ocr_line' id='line_1_3' title="bbox 182 250 1457 293; baseline 0 -11"><span class='ocrx_word' id='word_1_19' title='bbox 182 250 390 282; x_wconf 83' lang='lat' dir='ltr'>coniurarunt</span> <span class='ocrx_word' id='word_1_20' title='bbox 414 251 528 283; x_wconf 85' lang='lat' dir='ltr'>Graeci</span> <span class='ocrx_word' id='word_1_21' title='bbox 553 250 586 283; x_wconf 80' lang='lat' dir='ltr'>se</span> <span class='ocrx_word' id='word_1_22' title='bbox 610 262 675 283; x_wconf 85' lang='lat' dir='ltr'>non</span> <span class='ocrx_word' id='word_1_23' title='bbox 699 253 772 282; x_wconf 88' lang='lat' dir='ltr'>ante</span> <span class='ocrx_word' id='word_1_24' title='bbox 796 263 980 283; x_wconf 83' lang='lat' dir='ltr'>reversuros</span> <span class='ocrx_word' id='word_1_25' title='bbox 1004 253 1047 283; x_wconf 72' lang='lat' dir='ltr'>acl</span> <span class='ocrx_word' id='word_1_26' title='bbox 1063 253 1213 293; x_wconf 56' lang='lat' dir='ltr'>patriam,</span> <span class='ocrx_word' id='word_1_27' title='bbox 1237 263 1333 293; x_wconf 89' lang='lat' dir='ltr'>quam</span> <span class='ocrx_word' id='word_1_28' title='bbox 1357 251 1457 282; x_wconf 87' lang='lat' dir='ltr'>Troia</span> 
     </span>
     <span class='ocr_line' id='line_1_4' title="bbox 181 305 1456 346; baseline 0.002 -11"><span class='ocrx_word' id='word_1_29' title='bbox 181 306 359 345; x_wconf 83' lang='lat' dir='ltr'>caperetur.</span> <span class='ocrx_word' id='word_1_30' title='bbox 398 307 429 336; x_wconf 89' lang='lat' dir='ltr'>et</span> <span class='ocrx_word' id='word_1_31' title='bbox 448 307 496 336; x_wconf 81' lang='lat' dir='ltr'>est</span> <span class='ocrx_word' id='word_1_32' title='bbox 517 316 627 336; x_wconf 81' lang='lat' dir='ltr'>sensus</span> <span class='ocrx_word' id='word_1_33' title='bbox 652 305 731 336; x_wconf 89' lang='lat' dir='ltr'>illud</span> <span class='ocrx_word' id='word_1_34' title='bbox 751 307 900 346; x_wconf 83' lang='lat' dir='ltr'>spectans</span> <span class='ocrx_word' id='word_1_35' title='bbox 926 305 1004 336; x_wconf 88' lang='lat' dir='ltr'>scio</span> <span class='ocrx_word' id='word_1_36' title='bbox 1029 316 1083 336; x_wconf 86' lang='lat' dir='ltr'>me</span> <span class='ocrx_word' id='word_1_37' title='bbox 1108 306 1253 337; x_wconf 83' lang='lat' dir='ltr'>Danais</span> <span class='ocrx_word' id='word_1_38' title='bbox 1278 317 1294 337; x_wconf 91' lang='lat' dir='ltr'>e</span> <span class='ocrx_word' id='word_1_39' title='bbox 1319 305 1456 337; x_wconf 84' lang='lat' dir='ltr'>classi-</span> 
     </span>
     <span class='ocr_line' id='line_1_5' title="bbox 181 357 1385 400; baseline 0.001 -11"><span class='ocrx_word' id='word_1_40' title='bbox 181 357 251 389; x_wconf 88' lang='lat' dir='ltr'>bus</span> <span class='ocrx_word' id='word_1_41' title='bbox 275 369 397 389; x_wconf 86' lang='lat' dir='ltr'>unum.</span> <span class='ocrx_word' id='word_1_42' title='bbox 445 358 593 390; x_wconf 73' lang='lat' dir='ltr'>‘Aulide’</span> <span class='ocrx_word' id='word_1_43' title='bbox 618 361 726 390; x_wconf 83' lang='lat' dir='ltr'>autem</span> <span class='ocrx_word' id='word_1_44' title='bbox 750 360 806 390; x_wconf 85' lang='lat' dir='ltr'>aut</span> <span class='ocrx_word' id='word_1_45' title='bbox 829 357 879 389; x_wconf 76' lang='lat' dir='ltr'>ein</span> <span class='ocrx_word' id='word_1_46' title='bbox 903 358 1045 400; x_wconf 83' lang='lat' dir='ltr'>Aulide&#39;,</span> <span class='ocrx_word' id='word_1_47' title='bbox 1070 361 1126 390; x_wconf 83' lang='lat' dir='ltr'>aut</span> <span class='ocrx_word' id='word_1_48' title='bbox 1149 370 1207 400; x_wconf 88' lang='lat' dir='ltr'>pro</span> <span class='ocrx_word' id='word_1_49' title='bbox 1232 358 1385 390; x_wconf 55' lang='lat' dir='ltr'>“Aulidst</span> 
     </span>
     <span class='ocr_line' id='line_1_6' title="bbox 181 411 1491 453; baseline -0.001 -11"><span class='ocrx_word' id='word_1_50' title='bbox 181 419 227 441; x_wconf 88' lang='lat' dir='ltr'>AD</span> <span class='ocrx_word' id='word_1_51' title='bbox 252 419 415 442; x_wconf 79' lang='lat' dir='ltr'>PERGAMA</span> <span class='ocrx_word' id='word_1_52' title='bbox 439 411 471 442; x_wconf 90' lang='lat' dir='ltr'>in</span> <span class='ocrx_word' id='word_1_53' title='bbox 496 411 662 453; x_wconf 85' lang='lat' dir='ltr'>Pergama,</span> <span class='ocrx_word' id='word_1_54' title='bbox 684 412 718 442; x_wconf 89' lang='lat' dir='ltr'>id</span> <span class='ocrx_word' id='word_1_55' title='bbox 742 414 791 443; x_wconf 84' lang='lat' dir='ltr'>est</span> <span class='ocrx_word' id='word_1_56' title='bbox 815 413 928 443; x_wconf 83' lang='lat' dir='ltr'>contra</span> <span class='ocrx_word' id='word_1_57' title='bbox 951 411 1119 453; x_wconf 82' lang='lat' dir='ltr'>Pergama.</span> <span class='ocrx_word' id='word_1_58' title='bbox 1476 418 1491 441; x_wconf 84' lang='lat'>5</span> 
     </span>
    </p>

    <p class='ocr_par' dir='ltr' id='par_1_3' title="bbox 178 465 1509 934">
     <span class='ocr_line' id='line_1_7' title="bbox 269 465 1457 507; baseline 0.002 -12"><span class='ocrx_word' id='word_1_59' title='bbox 269 465 343 496; x_wconf 75' lang='lat'>427.</span> <span class='ocrx_word' id='word_1_60' title='bbox 381 473 552 496; x_wconf 80' lang='lat' dir='ltr'>ANCHISAE</span> <span class='ocrx_word' id='word_1_61' title='bbox 586 473 727 497; x_wconf 80' lang='lat' dir='ltr'>CINERES</span> <span class='ocrx_word' id='word_1_62' title='bbox 760 473 924 496; x_wconf 81' lang='lat' dir='ltr'>MANESVE</span> <span class='ocrx_word' id='word_1_63' title='bbox 962 474 1112 497; x_wconf 83' lang='lat' dir='ltr'><strong>REVELLI</strong></span> <span class='ocrx_word' id='word_1_64' title='bbox 1151 466 1236 507; x_wconf 89' lang='lat' dir='ltr'>quod</span> <span class='ocrx_word' id='word_1_65' title='bbox 1269 466 1386 497; x_wconf 85' lang='lat' dir='ltr'>dicitur</span> <span class='ocrx_word' id='word_1_66' title='bbox 1420 477 1457 497; x_wconf 83' lang='lat' dir='ltr'>ex</span> 
     </span>
     <span class='ocr_line' id='line_1_8' title="bbox 181 517 1458 561; baseline 0.002 -13"><span class='ocrx_word' id='word_1_67' title='bbox 181 517 310 549; x_wconf 85' lang='lat' dir='ltr'>oraculo</span> <span class='ocrx_word' id='word_1_68' title='bbox 334 517 447 549; x_wconf 82' lang='lat' dir='ltr'>fecisse</span> <span class='ocrx_word' id='word_1_69' title='bbox 471 517 653 558; x_wconf 82' lang='lat' dir='ltr'>Diomedes,</span> <span class='ocrx_word' id='word_1_70' title='bbox 677 521 708 549; x_wconf 87' lang='lat' dir='ltr'>et</span> <span class='ocrx_word' id='word_1_71' title='bbox 732 529 839 550; x_wconf 87' lang='lat' dir='ltr'>secum</span> <span class='ocrx_word' id='word_1_72' title='bbox 864 519 931 550; x_wconf 86' lang='lat' dir='ltr'>eius</span> <span class='ocrx_word' id='word_1_73' title='bbox 956 530 1030 550; x_wconf 86' lang='lat' dir='ltr'>ossa</span> <span class='ocrx_word' id='word_1_74' title='bbox 1052 522 1214 561; x_wconf 76' lang='lat' dir='ltr'>portasse,</span> <span class='ocrx_word' id='word_1_75' title='bbox 1238 531 1319 561; x_wconf 88' lang='lat' dir='ltr'>quae</span> <span class='ocrx_word' id='word_1_76' title='bbox 1343 521 1458 560; x_wconf 86' lang='lat' dir='ltr'>postea</span> 
     </span>
     <span class='ocr_line' id='line_1_9' title="bbox 180 570 1458 613; baseline 0.002 -11"><span class='ocrx_word' id='word_1_77' title='bbox 180 571 320 602; x_wconf 89' lang='lat' dir='ltr'>reddidit</span> <span class='ocrx_word' id='word_1_78' title='bbox 339 570 477 611; x_wconf 82' lang='lat' dir='ltr'>Aeneae,</span> <span class='ocrx_word' id='word_1_79' title='bbox 502 581 572 602; x_wconf 88' lang='lat' dir='ltr'>cum</span> <span class='ocrx_word' id='word_1_80' title='bbox 592 571 696 602; x_wconf 80' lang='lat' dir='ltr'>multa</span> <span class='ocrx_word' id='word_1_81' title='bbox 716 571 849 603; x_wconf 83' lang='lat' dir='ltr'>adversa</span> <span class='ocrx_word' id='word_1_82' title='bbox 868 571 1036 612; x_wconf 85' lang='lat' dir='ltr'>perferret:</span> <span class='ocrx_word' id='word_1_83' title='bbox 1060 572 1135 604; x_wconf 89' lang='lat' dir='ltr'>hinc</span> <span class='ocrx_word' id='word_1_84' title='bbox 1159 574 1209 604; x_wconf 87' lang='lat' dir='ltr'>est</span> <span class='ocrx_word' id='word_1_85' title='bbox 1231 572 1282 613; x_wconf 88' lang='lat' dir='ltr'>&lt;V</span> <span class='ocrx_word' id='word_1_86' title='bbox 1303 573 1364 613; x_wconf 84' lang='lat'>80&gt;</span> <span class='ocrx_word' id='word_1_87' title='bbox 1385 573 1458 604; x_wconf 86' lang='lat' dir='ltr'>sal-</span> 
     </span>
     <span class='ocr_line' id='line_1_10' title="bbox 181 625 1457 666; baseline 0.002 -11"><span class='ocrx_word' id='word_1_88' title='bbox 181 626 266 656; x_wconf 78' lang='lat' dir='ltr'>vete</span> <span class='ocrx_word' id='word_1_89' title='bbox 290 625 438 665; x_wconf 88' lang='lat' dir='ltr'>recepti</span> <span class='ocrx_word' id='word_1_90' title='bbox 461 625 692 666; x_wconf 85' lang='lat' dir='ltr'>nequiquam</span> <span class='ocrx_word' id='word_1_91' title='bbox 717 625 873 656; x_wconf 81' lang='lat' dir='ltr'>cineres.</span> <span class='ocrx_word' id='word_1_92' title='bbox 920 625 1083 656; x_wconf 88' lang='lat' dir='ltr'>sciendum</span> <span class='ocrx_word' id='word_1_93' title='bbox 1107 637 1183 658; x_wconf 84' lang='lat' dir='ltr'>sane</span> <span class='ocrx_word' id='word_1_94' title='bbox 1207 625 1387 657; x_wconf 87' lang='lat' dir='ltr'>Varronem</span> <span class='ocrx_word' id='word_1_95' title='bbox 1412 626 1457 657; x_wconf 89' lang='lat' dir='ltr'>di-</span> 
     </span>
     <span class='ocr_line' id='line_1_11' title="bbox 181 677 1509 720; baseline 0.002 -11"><span class='ocrx_word' id='word_1_96' title='bbox 181 689 264 719; x_wconf 82' lang='lat' dir='ltr'>cere,</span> <span class='ocrx_word' id='word_1_97' title='bbox 287 677 477 710; x_wconf 87' lang='lat' dir='ltr'>Diomedem</span> <span class='ocrx_word' id='word_1_98' title='bbox 498 680 590 709; x_wconf 87' lang='lat' dir='ltr'>eruta</span> <span class='ocrx_word' id='word_1_99' title='bbox 604 677 766 710; x_wconf 79' lang='lat' dir='ltr'>Anchisae</span> <span class='ocrx_word' id='word_1_100' title='bbox 786 690 859 710; x_wconf 83' lang='lat' dir='ltr'>ossa</span> <span class='ocrx_word' id='word_1_101' title='bbox 878 679 945 710; x_wconf 87' lang='lat' dir='ltr'>filio</span> <span class='ocrx_word' id='word_1_102' title='bbox 965 679 1150 720; x_wconf 81' lang='lat' dir='ltr'>reddidisse,</span> <span class='ocrx_word' id='word_1_103' title='bbox 1170 679 1325 712; x_wconf 82' lang='lat' dir='ltr'>Catonem</span> <span class='ocrx_word' id='word_1_104' title='bbox 1348 683 1456 711; x_wconf 87' lang='lat' dir='ltr'>autem</span> <span class='ocrx_word' id='word_1_105' title='bbox 1476 686 1509 709; x_wconf 91' lang='lat'>10</span> 
     </span>
     <span class='ocr_line' id='line_1_12' title="bbox 181 731 1456 775; baseline 0.002 -13"><span class='ocrx_word' id='word_1_106' title='bbox 181 731 359 772; x_wconf 87' lang='lat' dir='ltr'>adfirmare,</span> <span class='ocrx_word' id='word_1_107' title='bbox 384 731 468 773; x_wconf 87' lang='lat' dir='ltr'>quod</span> <span class='ocrx_word' id='word_1_108' title='bbox 492 731 649 763; x_wconf 76' lang='lat' dir='ltr'>Anchises</span> <span class='ocrx_word' id='word_1_109' title='bbox 679 732 718 764; x_wconf 91' lang='lat' dir='ltr'>ad</span> <span class='ocrx_word' id='word_1_110' title='bbox 746 732 878 764; x_wconf 89' lang='lat' dir='ltr'>Italiam</span> <span class='ocrx_word' id='word_1_111' title='bbox 909 733 1005 764; x_wconf 87' lang='lat' dir='ltr'>venit.</span> <span class='ocrx_word' id='word_1_112' title='bbox 1051 735 1146 765; x_wconf 85' lang='lat' dir='ltr'>tanta</span> <span class='ocrx_word' id='word_1_113' title='bbox 1177 735 1226 765; x_wconf 81' lang='lat' dir='ltr'>est</span> <span class='ocrx_word' id='word_1_114' title='bbox 1253 734 1340 765; x_wconf 88' lang='lat' dir='ltr'>inter</span> <span class='ocrx_word' id='word_1_115' title='bbox 1368 734 1456 775; x_wconf 80' lang='lat' dir='ltr'>ipsos</span> 
     </span>
     <span class='ocr_line' id='line_1_13' title="bbox 180 784 1457 818; baseline 0.002 -3"><span class='ocrx_word' id='word_1_116' title='bbox 180 784 321 815; x_wconf 85' lang='lat' dir='ltr'>varietas</span> <span class='ocrx_word' id='word_1_117' title='bbox 354 788 386 816; x_wconf 88' lang='lat' dir='ltr'>et</span> <span class='ocrx_word' id='word_1_118' title='bbox 417 785 629 816; x_wconf 74' lang='lat' dir='ltr'>historiarum</span> <span class='ocrx_word' id='word_1_119' title='bbox 662 786 816 817; x_wconf 84' lang='lat' dir='ltr'>confusio.</span> <span class='ocrx_word' id='word_1_120' title='bbox 906 795 1057 817; x_wconf 81' lang='lat' dir='ltr'>REVELLI</span> <span class='ocrx_word' id='word_1_121' title='bbox 1090 798 1156 818; x_wconf 90' lang='lat' dir='ltr'>non</span> <span class='ocrx_word' id='word_1_122' title='bbox 1185 786 1352 818; x_wconf 69' lang='lat' dir='ltr'>‘revulsi’:</span> <span class='ocrx_word' id='word_1_123' title='bbox 1381 798 1457 818; x_wconf 87' lang='lat' dir='ltr'>nam</span> 
     </span>
     <span class='ocr_line' id='line_1_14' title="bbox 180 837 1457 882; baseline 0.003 -14"><span class='ocrx_word' id='word_1_124' title='bbox 180 837 289 869; x_wconf 69' lang='lat' dir='ltr'>‘velli&#39;</span> <span class='ocrx_word' id='word_1_125' title='bbox 314 841 346 869; x_wconf 91' lang='lat' dir='ltr'>et</span> <span class='ocrx_word' id='word_1_126' title='bbox 370 837 512 869; x_wconf 74' lang='lat' dir='ltr'>‘revelli’</span> <span class='ocrx_word' id='word_1_127' title='bbox 538 839 687 880; x_wconf 71' lang='lat' dir='ltr'>dicimus,</span> <span class='ocrx_word' id='word_1_128' title='bbox 719 839 863 871; x_wconf 70' lang='lat' dir='ltr'>‘vulsus’</span> <span class='ocrx_word' id='word_1_129' title='bbox 894 851 968 871; x_wconf 87' lang='lat' dir='ltr'>vero</span> <span class='ocrx_word' id='word_1_130' title='bbox 999 842 1031 871; x_wconf 87' lang='lat' dir='ltr'>et</span> <span class='ocrx_word' id='word_1_131' title='bbox 1058 839 1238 872; x_wconf 76' lang='lat' dir='ltr'>‘revulsus’</span> <span class='ocrx_word' id='word_1_132' title='bbox 1267 842 1457 882; x_wconf 87' lang='lat' dir='ltr'>usurpatum</span> 
     </span>
     <span class='ocr_line' id='line_1_15' title="bbox 178 892 960 934; baseline 0.004 -12"><span class='ocrx_word' id='word_1_133' title='bbox 178 894 229 922; x_wconf 85' lang='lat' dir='ltr'>est</span> <span class='ocrx_word' id='word_1_134' title='bbox 252 893 379 923; x_wconf 89' lang='lat' dir='ltr'>tantum</span> <span class='ocrx_word' id='word_1_135' title='bbox 403 892 437 923; x_wconf 85' lang='lat' dir='ltr'>in</span> <span class='ocrx_word' id='word_1_136' title='bbox 460 893 640 934; x_wconf 86' lang='lat' dir='ltr'>participiis</span> <span class='ocrx_word' id='word_1_137' title='bbox 665 895 778 925; x_wconf 84' lang='lat' dir='ltr'>contra</span> <span class='ocrx_word' id='word_1_138' title='bbox 800 896 960 925; x_wconf 85' lang='lat' dir='ltr'>naturam.</span> 
     </span>
    </p>

    <p class='ocr_par' dir='ltr' id='par_1_4' title="bbox 181 945 1509 1041">
     <span class='ocr_line' id='line_1_16' title="bbox 269 945 1509 987; baseline 0 -10"><span class='ocrx_word' id='word_1_139' title='bbox 269 945 343 976; x_wconf 73' lang='lat'>428.</span> <span class='ocrx_word' id='word_1_140' title='bbox 381 958 436 977; x_wconf 67' lang='lat' dir='ltr'>cra</span> <span class='ocrx_word' id='word_1_141' title='bbox 455 959 515 977; x_wconf 73' lang='lat' dir='ltr'>MEA</span> <span class='ocrx_word' id='word_1_142' title='bbox 535 959 619 978; x_wconf 68' lang='lat' dir='ltr'>mem</span> <span class='ocrx_word' id='word_1_143' title='bbox 638 959 736 978; x_wconf 65' lang='lat' dir='ltr'><em>NEGAT</em></span> <span class='ocrx_word' id='word_1_144' title='bbox 753 957 816 977; x_wconf 70' lang='lat' dir='ltr'>own</span> <span class='ocrx_word' id='word_1_145' title='bbox 840 947 1018 987; x_wconf 57' lang='lat' dir='ltr'>interrogaui,</span> <span class='ocrx_word' id='word_1_146' title='bbox 1050 947 1103 978; x_wconf 80' lang='lat' dir='ltr'>sed</span> <span class='ocrx_word' id='word_1_147' title='bbox 1133 947 1279 987; x_wconf 63' lang='lat' dir='ltr'>queritur.</span> <span class='ocrx_word' id='word_1_148' title='bbox 1330 948 1455 987; x_wconf 73' lang='lat' dir='ltr'>quidam</span> <span class='ocrx_word' id='word_1_149' title='bbox 1477 954 1509 977; x_wconf 83' lang='lat'>15</span> 
     </span>
     <span class='ocr_line' id='line_1_17' title="bbox 181 997 1189 1041; baseline 0.002 -12"><span class='ocrx_word' id='word_1_150' title='bbox 181 997 313 1030; x_wconf 67' lang='lat' dir='ltr'>‘revelli’</span> <span class='ocrx_word' id='word_1_151' title='bbox 338 999 478 1039; x_wconf 57' lang='lat' dir='ltr'>izmaymzt,</span> <span class='ocrx_word' id='word_1_152' title='bbox 501 1000 546 1031; x_wconf 61' lang='lat' dir='ltr'>ita</span> <span class='ocrx_word' id='word_1_153' title='bbox 569 1002 603 1031; x_wconf 74' lang='lat' dir='ltr'>ut</span> <span class='ocrx_word' id='word_1_154' title='bbox 625 1002 770 1039; x_wconf 71' lang='lat' dir='ltr'>sequatur</span> <span class='ocrx_word' id='word_1_155' title='bbox 794 999 863 1031; x_wconf 63' lang='lat' dir='ltr'>‘eur</span> <span class='ocrx_word' id='word_1_156' title='bbox 886 1010 954 1031; x_wconf 77' lang='lat' dir='ltr'>mea</span> <span class='ocrx_word' id='word_1_157' title='bbox 978 1001 1059 1031; x_wconf 69' lang='lat' dir='ltr'>dicta</span> <span class='ocrx_word' id='word_1_158' title='bbox 1081 999 1189 1041; x_wconf 46' lang='lat' dir='ltr'>nessei?</span> 
     </span>
    </p>

    <p class='ocr_par' dir='ltr' id='par_1_5' title="bbox 179 1052 1460 1201">
     <span class='ocr_line' id='line_1_18' title="bbox 268 1052 1456 1096; baseline 0.003 -13"><span class='ocrx_word' id='word_1_159' title='bbox 268 1052 342 1083; x_wconf 71' lang='lat'>429.</span> <span class='ocrx_word' id='word_1_160' title='bbox 379 1061 448 1090; x_wconf 75' lang='lat' dir='ltr'>QVO</span> <span class='ocrx_word' id='word_1_161' title='bbox 472 1062 554 1084; x_wconf 77' lang='lat' dir='ltr'>RVIT</span> <span class='ocrx_word' id='word_1_162' title='bbox 578 1055 732 1094; x_wconf 75' lang='lat' dir='ltr'>properat</span> <span class='ocrx_word' id='word_1_163' title='bbox 757 1053 824 1084; x_wconf 87' lang='lat' dir='ltr'>sine</span> <span class='ocrx_word' id='word_1_164' title='bbox 848 1056 999 1094; x_wconf 87' lang='lat' dir='ltr'>respectu</span> <span class='ocrx_word' id='word_1_165' title='bbox 1024 1054 1152 1085; x_wconf 85' lang='lat' dir='ltr'>salutis:</span> <span class='ocrx_word' id='word_1_166' title='bbox 1180 1065 1256 1085; x_wconf 87' lang='lat' dir='ltr'>nam</span> <span class='ocrx_word' id='word_1_167' title='bbox 1279 1054 1341 1086; x_wconf 88' lang='lat' dir='ltr'>hoc</span> <span class='ocrx_word' id='word_1_168' title='bbox 1369 1055 1456 1096; x_wconf 86' lang='lat' dir='ltr'>dicit,</span> 
     </span>
     <span class='ocr_line' id='line_1_19' title="bbox 179 1105 1460 1148; baseline 0.004 -12"><span class='ocrx_word' id='word_1_169' title='bbox 179 1105 263 1146; x_wconf 86' lang='lat' dir='ltr'>quod</span> <span class='ocrx_word' id='word_1_170' title='bbox 286 1107 360 1146; x_wconf 83' lang='lat' dir='ltr'>peto</span> <span class='ocrx_word' id='word_1_171' title='bbox 381 1106 478 1137; x_wconf 88' lang='lat' dir='ltr'>etiam</span> <span class='ocrx_word' id='word_1_172' title='bbox 498 1106 559 1147; x_wconf 85' lang='lat' dir='ltr'>ipsi</span> <span class='ocrx_word' id='word_1_173' title='bbox 579 1107 723 1147; x_wconf 88' lang='lat' dir='ltr'>prodest:</span> <span class='ocrx_word' id='word_1_174' title='bbox 749 1107 867 1138; x_wconf 84' lang='lat' dir='ltr'>amoris</span> <span class='ocrx_word' id='word_1_175' title='bbox 888 1107 1011 1138; x_wconf 83' lang='lat' dir='ltr'>scilicet</span> <span class='ocrx_word' id='word_1_176' title='bbox 1030 1107 1231 1148; x_wconf 74' lang='lat' dir='ltr'>inpatientia.</span> <span class='ocrx_word' id='word_1_177' title='bbox 1295 1121 1460 1141; x_wconf 52' lang='lat' dir='ltr'>mmmmm!</span> 
     </span>
     <span class='ocr_line' id='line_1_20' title="bbox 180 1161 1220 1201; baseline 0.003 -12"><span class='ocrx_word' id='word_1_178' title='bbox 180 1171 234 1190; x_wconf 80' lang='lat' dir='ltr'>Hoc</span> <span class='ocrx_word' id='word_1_179' title='bbox 252 1172 380 1190; x_wconf 69' lang='lat' dir='ltr'>JJJSERAE</span> <span class='ocrx_word' id='word_1_180' title='bbox 398 1173 456 1191; x_wconf 82' lang='lat' dir='ltr'>DET</span> <span class='ocrx_word' id='word_1_181' title='bbox 473 1173 575 1192; x_wconf 58' lang='lat' dir='ltr'>muvrs</span> <span class='ocrx_word' id='word_1_182' title='bbox 591 1174 706 1192; x_wconf 68' lang='lat' dir='ltr'><strong><em>AMANTI</em></strong></span> <span class='ocrx_word' id='word_1_183' title='bbox 729 1171 748 1191; x_wconf 82' lang='grc' dir='ltr'><em>α</em></span> <span class='ocrx_word' id='word_1_184' title='bbox 771 1161 918 1200; x_wconf 65' lang='lat' dir='ltr'>qualitate</span> <span class='ocrx_word' id='word_1_185' title='bbox 941 1161 1076 1201; x_wconf 74' lang='lat' dir='ltr'>beneficii</span> <span class='ocrx_word' id='word_1_186' title='bbox 1098 1161 1220 1193; x_wconf 61' lang='lat' dir='ltr'>dictum.</span> 
     </span>
    </p>

    <p class='ocr_par' dir='ltr' id='par_1_6' title="bbox 179 1212 1509 1360">
     <span class='ocr_line' id='line_1_21' title="bbox 267 1212 1509 1256; baseline 0.002 -12"><span class='ocrx_word' id='word_1_187' title='bbox 267 1212 340 1244; x_wconf 86' lang='lat'>430.</span> <span class='ocrx_word' id='word_1_188' title='bbox 378 1226 564 1249; x_wconf 60' lang='lat' dir='ltr'>mmmmm</span> <span class='ocrx_word' id='word_1_189' title='bbox 582 1226 685 1245; x_wconf 66' lang='lat' dir='ltr'><em>FVGAM</em></span> <span class='ocrx_word' id='word_1_190' title='bbox 699 1216 862 1254; x_wconf 71' lang='lat' dir='ltr'>permanet</span> <span class='ocrx_word' id='word_1_191' title='bbox 886 1214 918 1245; x_wconf 71' lang='lat' dir='ltr'>in</span> <span class='ocrx_word' id='word_1_192' title='bbox 942 1215 1042 1245; x_wconf 78' lang='lat' dir='ltr'>eodem</span> <span class='ocrx_word' id='word_1_193' title='bbox 1061 1224 1164 1253; x_wconf 70' lang='lat' dir='ltr'>sensu,</span> <span class='ocrx_word' id='word_1_194' title='bbox 1187 1217 1222 1246; x_wconf 74' lang='lat' dir='ltr'>ut</span> <span class='ocrx_word' id='word_1_195' title='bbox 1239 1216 1322 1246; x_wconf 75' lang='lat' dir='ltr'>dieat</span> <span class='ocrx_word' id='word_1_196' title='bbox 1338 1217 1457 1256; x_wconf 72' lang='lat' dir='ltr'>petitio·</span> <span class='ocrx_word' id='word_1_197' title='bbox 1475 1222 1509 1246; x_wconf 74' lang='lat'>20</span> 
     </span>
     <span class='ocr_line' id='line_1_22' title="bbox 179 1267 1456 1311; baseline 0.004 -15"><span class='ocrx_word' id='word_1_198' title='bbox 179 1276 247 1297; x_wconf 70' lang='lat' dir='ltr'>wem</span> <span class='ocrx_word' id='word_1_199' title='bbox 271 1276 361 1297; x_wconf 72' lang='lat' dir='ltr'>suam</span> <span class='ocrx_word' id='word_1_200' title='bbox 384 1267 475 1298; x_wconf 72' lang='lat' dir='ltr'>etiam</span> <span class='ocrx_word' id='word_1_201' title='bbox 500 1267 621 1298; x_wconf 71' lang='lat' dir='ltr'>Aeneae</span> <span class='ocrx_word' id='word_1_202' title='bbox 633 1268 784 1308; x_wconf 69' lang='lat' dir='ltr'>prodesse.</span> <span class='ocrx_word' id='word_1_203' title='bbox 875 1276 1054 1300; x_wconf 75' lang='lat' dir='ltr'>FERENTES</span> <span class='ocrx_word' id='word_1_204' title='bbox 1084 1268 1164 1299; x_wconf 90' lang='lat' dir='ltr'>bene</span> <span class='ocrx_word' id='word_1_205' title='bbox 1193 1269 1322 1311; x_wconf 84' lang='lat' dir='ltr'>flantes,</span> <span class='ocrx_word' id='word_1_206' title='bbox 1350 1270 1456 1311; x_wconf 89' lang='lat' dir='ltr'>propi-</span> 
     </span>
     <span class='ocr_line' id='line_1_23' title="bbox 179 1319 440 1360; baseline 0.008 -10"><span class='ocrx_word' id='word_1_207' title='bbox 179 1319 252 1360; x_wconf 84' lang='lat' dir='ltr'>tios,</span> <span class='ocrx_word' id='word_1_208' title='bbox 269 1330 440 1360; x_wconf 73' lang='lat' dir='ltr'>prosperos.</span> 
     </span>
    </p>

    <p class='ocr_par' dir='ltr' id='par_1_7' title="bbox 178 1373 1508 1628">
     <span class='ocr_line' id='line_1_24' title="bbox 267 1373 1455 1417; baseline 0.003 -13"><span class='ocrx_word' id='word_1_209' title='bbox 267 1373 342 1404; x_wconf 81' lang='grc'>431.</span> <span class='ocrx_word' id='word_1_210' title='bbox 379 1386 534 1409; x_wconf 61' lang='grc' dir='ltr'>ΑΝΤΙρι-ιιυ</span> <span class='ocrx_word' id='word_1_211' title='bbox 555 1377 610 1405; x_wconf 76' lang='lat' dir='ltr'>aut</span> <span class='ocrx_word' id='word_1_212' title='bbox 626 1375 780 1415; x_wconf 71' lang='lat' dir='ltr'>primum,</span> <span class='ocrx_word' id='word_1_213' title='bbox 804 1377 860 1405; x_wconf 71' lang='lat' dir='ltr'>aut</span> <span class='ocrx_word' id='word_1_214' title='bbox 882 1385 1003 1416; x_wconf 77' lang='lat' dir='ltr'>earum,</span> <span class='ocrx_word' id='word_1_215' title='bbox 1031 1378 1065 1406; x_wconf 73' lang='lat' dir='ltr'>ut</span> <span class='ocrx_word' id='word_1_216' title='bbox 1093 1375 1189 1407; x_wconf 58' lang='lat' dir='ltr'>‘nilon</span> <span class='ocrx_word' id='word_1_217' title='bbox 1216 1377 1375 1417; x_wconf 69' lang='lat' dir='ltr'>antiquius</span> <span class='ocrx_word' id='word_1_218' title='bbox 1402 1377 1455 1408; x_wconf 76' lang='grc' dir='ltr'><em>Ῐια-</em></span> 
     </span>
     <span class='ocr_line' id='line_1_25' title="bbox 179 1425 1456 1472; baseline 0.005 -16"><span class='ocrx_word' id='word_1_219' title='bbox 179 1425 259 1457; x_wconf 74' lang='lat' dir='ltr'>hm‘t&#39;</span> <span class='ocrx_word' id='word_1_220' title='bbox 283 1427 430 1458; x_wconf 69' lang='lat' dir='ltr'>dicimus:</span> <span class='ocrx_word' id='word_1_221' title='bbox 454 1430 509 1458; x_wconf 73' lang='lat' dir='ltr'>out</span> <span class='ocrx_word' id='word_1_222' title='bbox 531 1429 727 1468; x_wconf 70' lang='lat' dir='ltr'>antiquatum</span> <span class='ocrx_word' id='word_1_223' title='bbox 755 1431 783 1459; x_wconf 73' lang='lat' dir='ltr'>et</span> <span class='ocrx_word' id='word_1_224' title='bbox 809 1429 949 1460; x_wconf 65' lang='lat' dir='ltr'>inritmn.</span> <span class='ocrx_word' id='word_1_225' title='bbox 1045 1437 1141 1466; x_wconf 80' lang='lat' dir='ltr'><strong>QVOD</strong></span> <span class='ocrx_word' id='word_1_226' title='bbox 1170 1438 1340 1461; x_wconf 71' lang='lat' dir='ltr'>PRODIDIT</span> <span class='ocrx_word' id='word_1_227' title='bbox 1370 1431 1456 1472; x_wconf 90' lang='lat' dir='ltr'>quod</span> 
     </span>
     <span class='ocr_line' id='line_1_26' title="bbox 179 1479 1508 1523; baseline 0.003 -13"><span class='ocrx_word' id='word_1_228' title='bbox 179 1479 314 1520; x_wconf 81' lang='lat' dir='ltr'>decepit.</span> <span class='ocrx_word' id='word_1_229' title='bbox 361 1482 392 1512; x_wconf 93' lang='lat' dir='ltr'>et</span> <span class='ocrx_word' id='word_1_230' title='bbox 415 1481 510 1513; x_wconf 83' lang='lat' dir='ltr'>bene:</span> <span class='ocrx_word' id='word_1_231' title='bbox 535 1482 574 1512; x_wconf 88' lang='lat' dir='ltr'>ad</span> <span class='ocrx_word' id='word_1_232' title='bbox 598 1482 847 1522; x_wconf 86' lang='lat' dir='ltr'>diremptionem</span> <span class='ocrx_word' id='word_1_233' title='bbox 872 1482 956 1513; x_wconf 86' lang='lat' dir='ltr'>enim</span> <span class='ocrx_word' id='word_1_234' title='bbox 985 1482 1127 1523; x_wconf 81' lang='lat' dir='ltr'>coniugii</span> <span class='ocrx_word' id='word_1_235' title='bbox 1156 1483 1317 1515; x_wconf 86' lang='lat' dir='ltr'>inmutata</span> <span class='ocrx_word' id='word_1_236' title='bbox 1344 1484 1455 1516; x_wconf 88' lang='lat' dir='ltr'>volun·</span> <span class='ocrx_word' id='word_1_237' title='bbox 1475 1491 1508 1514; x_wconf 78' lang='lat'>25</span> 
     </span>
     <span class='ocr_line' id='line_1_27' title="bbox 179 1534 1454 1579; baseline 0.004 -15"><span class='ocrx_word' id='word_1_238' title='bbox 179 1536 229 1565; x_wconf 87' lang='lat' dir='ltr'>tas</span> <span class='ocrx_word' id='word_1_239' title='bbox 259 1534 387 1565; x_wconf 85' lang='lat' dir='ltr'>sufficit.</span> <span class='ocrx_word' id='word_1_240' title='bbox 437 1535 564 1575; x_wconf 76' lang='lat' dir='ltr'>quidam</span> <span class='ocrx_word' id='word_1_241' title='bbox 593 1535 757 1576; x_wconf 72' lang='lat' dir='ltr'>‘prodidit’</span> <span class='ocrx_word' id='word_1_242' title='bbox 780 1546 841 1576; x_wconf 68' lang='lat' dir='ltr'>pro</span> <span class='ocrx_word' id='word_1_243' title='bbox 871 1535 1032 1576; x_wconf 51' lang='lat' dir='ltr'>‘perdidit&#39;</span> <span class='ocrx_word' id='word_1_244' title='bbox 1055 1537 1222 1578; x_wconf 72' lang='lat' dir='ltr'>accipiunt,</span> <span class='ocrx_word' id='word_1_245' title='bbox 1246 1540 1280 1568; x_wconf 48' lang='lat' dir='ltr'>&#39;ut</span> <span class='ocrx_word' id='word_1_246' title='bbox 1309 1537 1345 1579; x_wconf 87' lang='lat'>&lt;1</span> <span class='ocrx_word' id='word_1_247' title='bbox 1370 1538 1454 1578; x_wconf 77' lang='lat'>251&gt;</span> 
     </span>
     <span class='ocr_line' id='line_1_28' title="bbox 178 1588 692 1628; baseline 0.002 -10"><span class='ocrx_word' id='word_1_248' title='bbox 178 1588 291 1619; x_wconf 69' lang='lat' dir='ltr'>vuius</span> <span class='ocrx_word' id='word_1_249' title='bbox 313 1588 351 1619; x_wconf 82' lang='lat' dir='ltr'>ob</span> <span class='ocrx_word' id='word_1_250' title='bbox 377 1589 470 1619; x_wconf 72' lang='lat' dir='ltr'>[ram</span> <span class='ocrx_word' id='word_1_251' title='bbox 489 1589 692 1628; x_wconf 70' lang='lat' dir='ltr'>prodimur.</span> 
     </span>
    </p>

    <p class='ocr_par' dir='ltr' id='par_1_8' title="bbox 268 1641 1455 1685">
     <span class='ocr_line' id='line_1_29' title="bbox 268 1641 1455 1685; baseline 0.003 -13"><span class='ocrx_word' id='word_1_252' title='bbox 268 1641 341 1672; x_wconf 73' lang='lat'>432.</span> <span class='ocrx_word' id='word_1_253' title='bbox 379 1651 539 1674; x_wconf 77' lang='lat' dir='ltr'>PVLCHRO</span> <span class='ocrx_word' id='word_1_254' title='bbox 564 1651 608 1673; x_wconf 75' lang='lat' dir='ltr'>vr</span> <span class='ocrx_word' id='word_1_255' title='bbox 633 1651 737 1674; x_wconf 84' lang='lat' dir='ltr'><strong>LATIO</strong></span> <span class='ocrx_word' id='word_1_256' title='bbox 763 1651 899 1674; x_wconf 80' lang='lat' dir='ltr'>CAREAT</span> <span class='ocrx_word' id='word_1_257' title='bbox 930 1643 1015 1684; x_wconf 86' lang='lat' dir='ltr'>quod</span> <span class='ocrx_word' id='word_1_258' title='bbox 1044 1643 1094 1674; x_wconf 85' lang='lat' dir='ltr'>illi</span> <span class='ocrx_word' id='word_1_259' title='bbox 1121 1643 1291 1685; x_wconf 79' lang='lat' dir='ltr'>pulchrum</span> <span class='ocrx_word' id='word_1_260' title='bbox 1320 1644 1455 1676; x_wconf 80' lang='lat' dir='ltr'>videtur.</span> 
     </span>
    </p>
   </div>
   <div class='ocr_carea' id='block_1_3' title="bbox 179 1764 1454 1835">
    <p class='ocr_par' dir='ltr' id='par_1_9' title="bbox 179 1764 1454 1835">
     <span class='ocr_line' id='line_1_30' title="bbox 252 1764 1454 1799; baseline 0.003 -9"><span class='ocrx_word' id='word_1_261' title='bbox 252 1768 264 1790; x_wconf 91' lang='lat'>1</span> <span class='ocrx_word' id='word_1_262' title='bbox 285 1764 364 1790; x_wconf 86' lang='lat' dir='ltr'>Aulis</span> <span class='ocrx_word' id='word_1_263' title='bbox 446 1766 603 1799; x_wconf 81' lang='lat' dir='ltr'>caperetur]</span> <span class='ocrx_word' id='word_1_264' title='bbox 625 1765 658 1792; x_wconf 84' lang='lat' dir='ltr'>cf.</span> <span class='ocrx_word' id='word_1_265' title='bbox 678 1765 755 1792; x_wconf 74' lang='lat' dir='ltr'>Luct.</span> <span class='ocrx_word' id='word_1_266' title='bbox 776 1765 851 1792; x_wconf 82' lang='lat' dir='ltr'>Plac.</span> <span class='ocrx_word' id='word_1_267' title='bbox 871 1766 907 1792; x_wconf 87' lang='lat' dir='ltr'>ad</span> <span class='ocrx_word' id='word_1_268' title='bbox 927 1767 996 1795; x_wconf 75' lang='lat' dir='ltr'>Stat.</span> <span class='ocrx_word' id='word_1_269' title='bbox 1017 1767 1103 1794; x_wconf 85' lang='lat' dir='ltr'>Theb.</span> <span class='ocrx_word' id='word_1_270' title='bbox 1119 1767 1236 1794; x_wconf 78' lang='lat' dir='ltr'><strong>V11332</strong></span> <span class='ocrx_word' id='word_1_271' title='bbox 1256 1768 1284 1794; x_wconf 79' lang='lat' dir='ltr'>et</span> <span class='ocrx_word' id='word_1_272' title='bbox 1303 1768 1338 1794; x_wconf 86' lang='lat' dir='ltr'>ad</span> <span class='ocrx_word' id='word_1_273' title='bbox 1353 1768 1454 1795; x_wconf 87' lang='lat' dir='ltr'>Achill.</span> 
     </span>
     <span class='ocr_line' id='line_1_31' title="bbox 179 1800 808 1835; baseline 0.005 -10"><span class='ocrx_word' id='word_1_274' title='bbox 179 1801 190 1825; x_wconf 89' lang='grc' dir='ltr'>Ι</span> <span class='ocrx_word' id='word_1_275' title='bbox 210 1803 260 1826; x_wconf 74' lang='lat'>447</span> <span class='ocrx_word' id='word_1_276' title='bbox 280 1801 289 1834; x_wconf 81' lang='grc' dir='ltr'>ΙΙ</span> <span class='ocrx_word' id='word_1_277' title='bbox 311 1803 343 1826; x_wconf 95' lang='grc'>10</span> <span class='ocrx_word' id='word_1_278' title='bbox 364 1800 507 1835; x_wconf 84' lang='lat' dir='ltr'>Catonem]</span> <span class='ocrx_word' id='word_1_279' title='bbox 529 1801 562 1827; x_wconf 87' lang='lat' dir='ltr'>cf.</span> <span class='ocrx_word' id='word_1_280' title='bbox 583 1801 618 1827; x_wconf 87' lang='lat' dir='ltr'>ad</span> <span class='ocrx_word' id='word_1_281' title='bbox 638 1802 705 1828; x_wconf 87' lang='lat' dir='ltr'>Aen.</span> <span class='ocrx_word' id='word_1_282' title='bbox 726 1801 738 1826; x_wconf 94' lang='grc' dir='ltr'>Ι</span> <span class='ocrx_word' id='word_1_283' title='bbox 758 1805 808 1828; x_wconf 82' lang='lat'>267</span> 
     </span>
    </p>
   </div>
   <div class='ocr_carea' id='block_1_4' title="bbox 179 1916 1455 2417">
    <p class='ocr_par' dir='ltr' id='par_1_10' title="bbox 179 1916 1455 2381">
     <span class='ocr_line' id='line_1_32' title="bbox 252 1916 1455 1954; baseline 0.005 -13"><span class='ocrx_word' id='word_1_284' title='bbox 252 1919 265 1941; x_wconf 93' lang='lat'>1</span> <span class='ocrx_word' id='word_1_285' title='bbox 287 1916 323 1942; x_wconf 84' lang='lat' dir='ltr'>ad</span> <span class='ocrx_word' id='word_1_286' title='bbox 342 1916 442 1942; x_wconf 83' lang='lat' dir='ltr'>Aulide</span> <span class='ocrx_word' id='word_1_287' title='bbox 465 1924 540 1950; x_wconf 77' lang='lat' dir='ltr'>supr.</span> <span class='ocrx_word' id='word_1_288' title='bbox 560 1925 626 1943; x_wconf 66' lang='lat' dir='ltr'>vers.</span> <span class='ocrx_word' id='word_1_289' title='bbox 650 1917 721 1943; x_wconf 79' lang='lat' dir='ltr'>aulis</span> <span class='ocrx_word' id='word_1_290' title='bbox 744 1920 786 1944; x_wconf 83' lang='lat' dir='ltr'>est</span> <span class='ocrx_word' id='word_1_291' title='bbox 804 1918 993 1944; x_wconf 83' lang='lat' dir='ltr'>nominatiuus</span> <span class='ocrx_word' id='word_1_292' title='bbox 1013 1920 1042 1945; x_wconf 84' lang='lat' dir='ltr'>et</span> <span class='ocrx_word' id='word_1_293' title='bbox 1060 1920 1102 1945; x_wconf 84' lang='lat' dir='ltr'>est</span> <span class='ocrx_word' id='word_1_294' title='bbox 1119 1919 1211 1946; x_wconf 80' lang='lat' dir='ltr'>insula</span> <span class='ocrx_word' id='word_1_295' title='bbox 1230 1920 1259 1946; x_wconf 88' lang='lat' dir='ltr'>in</span> <span class='ocrx_word' id='word_1_296' title='bbox 1278 1928 1365 1954; x_wconf 86' lang='lat' dir='ltr'>aegeo</span> <span class='ocrx_word' id='word_1_297' title='bbox 1384 1920 1455 1947; x_wconf 88' lang='lat' dir='ltr'>mari</span> 
     </span>
     <span class='ocr_line' id='line_1_33' title="bbox 184 1951 1454 1991; baseline 0.005 -15"><span class='ocrx_word' id='word_1_298' title='bbox 184 1951 227 1985; x_wconf 73' lang='grc' dir='ltr'>ΤΗ</span> <span class='ocrx_word' id='word_1_299' title='bbox 241 1951 333 1977; x_wconf 81' lang='lat' dir='ltr'>insula</span> <span class='ocrx_word' id='word_1_300' title='bbox 352 1952 405 1985; x_wconf 84' lang='lat' dir='ltr'>est]</span> <span class='ocrx_word' id='word_1_301' title='bbox 426 1952 471 1977; x_wconf 88' lang='lat' dir='ltr'>vel</span> <span class='ocrx_word' id='word_1_302' title='bbox 488 1953 585 1986; x_wconf 81' lang='lat' dir='ltr'>portus</span> <span class='ocrx_word' id='word_1_303' title='bbox 605 1953 667 1979; x_wconf 80' lang='lat' dir='ltr'>add.</span> <span class='ocrx_word' id='word_1_304' title='bbox 688 1953 716 1978; x_wconf 74' lang='grc' dir='ltr'>Ι)</span> <span class='ocrx_word' id='word_1_305' title='bbox 730 1954 739 1987; x_wconf 75' lang='lat' dir='ltr'>U</span> <span class='ocrx_word' id='word_1_306' title='bbox 754 1957 769 1979; x_wconf 87' lang='grc'><strong>3</strong></span> <span class='ocrx_word' id='word_1_307' title='bbox 789 1955 817 1980; x_wconf 86' lang='lat' dir='ltr'>et</span> <span class='ocrx_word' id='word_1_308' title='bbox 837 1955 878 1980; x_wconf 87' lang='lat' dir='ltr'>est</span> <span class='ocrx_word' id='word_1_309' title='bbox 898 1976 903 1981; x_wconf 92' lang='lat'>.</span> <span class='ocrx_word' id='word_1_310' title='bbox 920 1974 925 1979; x_wconf 89' lang='lat'>.</span> <span class='ocrx_word' id='word_1_311' title='bbox 942 1975 947 1980; x_wconf 97' lang='lat'>.</span> <span class='ocrx_word' id='word_1_312' title='bbox 967 1963 1051 1980; x_wconf 89' lang='lat' dir='ltr'>unum</span> <span class='ocrx_word' id='word_1_313' title='bbox 1072 1963 1121 1982; x_wconf 83' lang='lat' dir='ltr'>om.</span> <span class='ocrx_word' id='word_1_314' title='bbox 1139 1955 1169 1981; x_wconf 82' lang='lat' dir='ltr'><em>F</em></span> <span class='ocrx_word' id='word_1_315' title='bbox 1181 1957 1189 1989; x_wconf 85' lang='grc' dir='ltr'>ΙΙ</span> <span class='ocrx_word' id='word_1_316' title='bbox 1204 1959 1219 1981; x_wconf 83' lang='grc'><strong>6</strong></span> <span class='ocrx_word' id='word_1_317' title='bbox 1240 1956 1327 1991; x_wconf 88' lang='lat' dir='ltr'>quod]</span> <span class='ocrx_word' id='word_1_318' title='bbox 1348 1956 1383 1982; x_wconf 86' lang='lat' dir='ltr'>ad</span> <span class='ocrx_word' id='word_1_319' title='bbox 1403 1957 1454 1982; x_wconf 89' lang='grc'>1100</span> 
     </span>
     <span class='ocr_line' id='line_1_34' title="bbox 180 1987 1455 2020; baseline 0.005 -8"><span class='ocrx_word' id='word_1_320' title='bbox 180 1989 274 2013; x_wconf 72' lang='lat' dir='ltr'>autem</span> <span class='ocrx_word' id='word_1_321' title='bbox 299 1987 373 2020; x_wconf 82' lang='lat' dir='ltr'>quod</span> <span class='ocrx_word' id='word_1_322' title='bbox 396 1987 431 2013; x_wconf 84' lang='lat' dir='ltr'>F.</span> <span class='ocrx_word' id='word_1_323' title='bbox 465 1991 579 2014; x_wconf 74' lang='lat' dir='ltr'>ceterum</span> <span class='ocrx_word' id='word_1_324' title='bbox 602 1989 655 2014; x_wconf 89' lang='lat' dir='ltr'>hoc</span> <span class='ocrx_word' id='word_1_325' title='bbox 679 1988 781 2015; x_wconf 85' lang='lat' dir='ltr'>dicitur</span> <span class='ocrx_word' id='word_1_326' title='bbox 805 1998 837 2015; x_wconf 83' lang='lat' dir='ltr'>ex</span> <span class='ocrx_word' id='word_1_327' title='bbox 861 1990 973 2016; x_wconf 83' lang='lat' dir='ltr'>oraculo</span> <span class='ocrx_word' id='word_1_328' title='bbox 994 2011 999 2016; x_wconf 89' lang='lat'>.</span> <span class='ocrx_word' id='word_1_329' title='bbox 1020 2011 1025 2017; x_wconf 87' lang='lat'>.</span> <span class='ocrx_word' id='word_1_330' title='bbox 1047 2012 1052 2017; x_wconf 89' lang='lat'>.</span> <span class='ocrx_word' id='word_1_331' title='bbox 1073 1991 1251 2017; x_wconf 84' lang='lat' dir='ltr'>historiarum</span> <span class='ocrx_word' id='word_1_332' title='bbox 1276 1992 1401 2018; x_wconf 86' lang='lat' dir='ltr'>confusio</span> <span class='ocrx_word' id='word_1_333' title='bbox 1425 1993 1455 2018; x_wconf 74' lang='lat' dir='ltr'>in</span> 
     </span>
     <span class='ocr_line' id='line_1_35' title="bbox 179 2022 1454 2061; baseline 0.005 -13"><span class='ocrx_word' id='word_1_334' title='bbox 179 2031 264 2056; x_wconf 73' lang='lat' dir='ltr'>mco-y.</span> <span class='ocrx_word' id='word_1_335' title='bbox 288 2022 331 2056; x_wconf 71' lang='lat' dir='ltr'>Tu</span> <span class='ocrx_word' id='word_1_336' title='bbox 346 2026 361 2048; x_wconf 87' lang='lat'>8</span> <span class='ocrx_word' id='word_1_337' title='bbox 380 2022 472 2048; x_wconf 81' lang='lat' dir='ltr'>reddit</span> <span class='ocrx_word' id='word_1_338' title='bbox 490 2023 543 2057; x_wconf 69' lang='grc' dir='ltr'>ΙΙΙ]</span> <span class='ocrx_word' id='word_1_339' title='bbox 556 2024 666 2050; x_wconf 85' lang='lat' dir='ltr'>Aeneae</span> <span class='ocrx_word' id='word_1_340' title='bbox 686 2032 734 2051; x_wconf 83' lang='lat' dir='ltr'>om.</span> <span class='ocrx_word' id='word_1_341' title='bbox 755 2024 854 2050; x_wconf 90' lang='lat' dir='ltr'>NLH</span> <span class='ocrx_word' id='word_1_342' title='bbox 866 2026 874 2058; x_wconf 81' lang='grc' dir='ltr'>ΙΙ</span> <span class='ocrx_word' id='word_1_343' title='bbox 888 2025 952 2051; x_wconf 91' lang='lat' dir='ltr'>hinc</span> <span class='ocrx_word' id='word_1_344' title='bbox 972 2028 1015 2052; x_wconf 81' lang='lat' dir='ltr'>est</span> <span class='ocrx_word' id='word_1_345' title='bbox 1035 2048 1040 2053; x_wconf 88' lang='lat'>.</span> <span class='ocrx_word' id='word_1_346' title='bbox 1056 2047 1061 2052; x_wconf 93' lang='lat'>.</span> <span class='ocrx_word' id='word_1_347' title='bbox 1079 2048 1084 2052; x_wconf 92' lang='lat'>.</span> <span class='ocrx_word' id='word_1_348' title='bbox 1105 2027 1210 2053; x_wconf 84' lang='lat' dir='ltr'>cineres</span> <span class='ocrx_word' id='word_1_349' title='bbox 1230 2035 1279 2053; x_wconf 81' lang='lat' dir='ltr'>om.</span> <span class='ocrx_word' id='word_1_350' title='bbox 1301 2028 1337 2053; x_wconf 79' lang='lat' dir='ltr'><em>M</em></span> <span class='ocrx_word' id='word_1_351' title='bbox 1350 2029 1358 2061; x_wconf 73' lang='lat' dir='ltr'>ss</span> <span class='ocrx_word' id='word_1_352' title='bbox 1374 2031 1388 2054; x_wconf 84' lang='lat'>9</span> <span class='ocrx_word' id='word_1_353' title='bbox 1408 2036 1454 2053; x_wconf 87' lang='lat' dir='ltr'>ne—</span> 
     </span>
     <span class='ocr_line' id='line_1_36' title="bbox 179 2058 1454 2096; baseline 0.005 -13"><span class='ocrx_word' id='word_1_354' title='bbox 179 2058 328 2091; x_wconf 78' lang='lat' dir='ltr'>quicquam</span> <span class='ocrx_word' id='word_1_355' title='bbox 348 2058 413 2083; x_wconf 80' lang='lat' dir='ltr'>FN</span> <span class='ocrx_word' id='word_1_356' title='bbox 436 2059 606 2092; x_wconf 88' lang='lat' dir='ltr'>nequicquid</span> <span class='ocrx_word' id='word_1_357' title='bbox 624 2060 650 2085; x_wconf 89' lang='lat' dir='ltr'><em>L</em></span> <span class='ocrx_word' id='word_1_358' title='bbox 672 2060 681 2093; x_wconf 69' lang='grc' dir='ltr'>ΙΙ</span> <span class='ocrx_word' id='word_1_359' title='bbox 704 2060 843 2086; x_wconf 84' lang='lat' dir='ltr'>sciendum</span> <span class='ocrx_word' id='word_1_360' title='bbox 864 2081 869 2086; x_wconf 97' lang='lat'>.</span> <span class='ocrx_word' id='word_1_361' title='bbox 890 2082 895 2087; x_wconf 96' lang='lat'>.</span> <span class='ocrx_word' id='word_1_362' title='bbox 918 2082 922 2086; x_wconf 97' lang='lat'>.</span> <span class='ocrx_word' id='word_1_363' title='bbox 943 2061 1079 2096; x_wconf 77' lang='lat' dir='ltr'>confusio]</span> <span class='ocrx_word' id='word_1_364' title='bbox 1105 2063 1134 2088; x_wconf 82' lang='lat' dir='ltr'>et</span> <span class='ocrx_word' id='word_1_365' title='bbox 1152 2062 1221 2089; x_wconf 86' lang='lat' dir='ltr'>haec</span> <span class='ocrx_word' id='word_1_366' title='bbox 1242 2062 1355 2096; x_wconf 88' lang='lat' dir='ltr'>quidem</span> <span class='ocrx_word' id='word_1_367' title='bbox 1374 2071 1454 2089; x_wconf 85' lang='lat' dir='ltr'>uarro</span> 
     </span>
     <span class='ocr_line' id='line_1_37' title="bbox 179 2093 1455 2128; baseline 0.004 -8"><span class='ocrx_word' id='word_1_368' title='bbox 179 2093 302 2120; x_wconf 83' lang='lat' dir='ltr'>affirmat</span> <span class='ocrx_word' id='word_1_369' title='bbox 322 2095 384 2120; x_wconf 77' lang='lat' dir='ltr'>cato</span> <span class='ocrx_word' id='word_1_370' title='bbox 403 2096 495 2120; x_wconf 85' lang='lat' dir='ltr'>autem</span> <span class='ocrx_word' id='word_1_371' title='bbox 517 2094 585 2120; x_wconf 81' lang='lat' dir='ltr'>dicit</span> <span class='ocrx_word' id='word_1_372' title='bbox 603 2095 677 2128; x_wconf 89' lang='lat' dir='ltr'>quod</span> <span class='ocrx_word' id='word_1_373' title='bbox 697 2096 823 2122; x_wconf 79' lang='lat' dir='ltr'>anchises</span> <span class='ocrx_word' id='word_1_374' title='bbox 843 2096 878 2122; x_wconf 88' lang='lat' dir='ltr'>ad</span> <span class='ocrx_word' id='word_1_375' title='bbox 902 2096 1011 2123; x_wconf 84' lang='lat' dir='ltr'>italiam</span> <span class='ocrx_word' id='word_1_376' title='bbox 1029 2098 1138 2124; x_wconf 85' lang='lat' dir='ltr'>uenerit</span> <span class='ocrx_word' id='word_1_377' title='bbox 1155 2098 1228 2124; x_wconf 89' lang='lat' dir='ltr'>unde</span> <span class='ocrx_word' id='word_1_378' title='bbox 1247 2098 1370 2125; x_wconf 81' lang='lat' dir='ltr'>uarietas</span> <span class='ocrx_word' id='word_1_379' title='bbox 1389 2100 1455 2125; x_wconf 78' lang='lat' dir='ltr'>nata</span> 
     </span>
     <span class='ocr_line' id='line_1_38' title="bbox 180 2129 1453 2168; baseline 0.005 -14"><span class='ocrx_word' id='word_1_380' title='bbox 180 2130 221 2155; x_wconf 80' lang='lat' dir='ltr'>est</span> <span class='ocrx_word' id='word_1_381' title='bbox 239 2129 312 2155; x_wconf 84' lang='lat' dir='ltr'>inter</span> <span class='ocrx_word' id='word_1_382' title='bbox 330 2129 406 2162; x_wconf 83' lang='lat' dir='ltr'>ipsos</span> <span class='ocrx_word' id='word_1_383' title='bbox 426 2130 454 2155; x_wconf 88' lang='lat' dir='ltr'>et</span> <span class='ocrx_word' id='word_1_384' title='bbox 472 2129 652 2156; x_wconf 82' lang='lat' dir='ltr'>historiarum</span> <span class='ocrx_word' id='word_1_385' title='bbox 671 2131 796 2157; x_wconf 83' lang='lat' dir='ltr'>confusio</span> <span class='ocrx_word' id='word_1_386' title='bbox 817 2131 842 2156; x_wconf 87' lang='lat' dir='ltr'><em>T</em></span> <span class='ocrx_word' id='word_1_387' title='bbox 859 2132 867 2165; x_wconf 77' lang='grc' dir='ltr'>ΙΙ</span> <span class='ocrx_word' id='word_1_388' title='bbox 892 2135 923 2158; x_wconf 87' lang='grc'>11</span> <span class='ocrx_word' id='word_1_389' title='bbox 943 2133 1052 2159; x_wconf 87' lang='lat' dir='ltr'>uenerit</span> <span class='ocrx_word' id='word_1_390' title='bbox 1070 2133 1100 2158; x_wconf 88' lang='lat' dir='ltr'><em>F</em></span> <span class='ocrx_word' id='word_1_391' title='bbox 1116 2134 1126 2166; x_wconf 77' lang='lat' dir='ltr'>fl</span> <span class='ocrx_word' id='word_1_392' title='bbox 1149 2135 1192 2160; x_wconf 85' lang='lat' dir='ltr'>est</span> <span class='ocrx_word' id='word_1_393' title='bbox 1210 2142 1259 2160; x_wconf 86' lang='lat' dir='ltr'>om.</span> <span class='ocrx_word' id='word_1_394' title='bbox 1279 2134 1313 2160; x_wconf 90' lang='lat' dir='ltr'><em>H</em></span> <span class='ocrx_word' id='word_1_395' title='bbox 1330 2136 1339 2168; x_wconf 75' lang='lat' dir='ltr'>fl</span> <span class='ocrx_word' id='word_1_396' title='bbox 1362 2137 1393 2160; x_wconf 80' lang='lat'>12</span> <span class='ocrx_word' id='word_1_397' title='bbox 1414 2134 1453 2168; x_wconf 80' lang='lat' dir='ltr'>et]</span> 
     </span>
     <span class='ocr_line' id='line_1_39' title="bbox 179 2165 1454 2203; baseline 0.005 -13"><span class='ocrx_word' id='word_1_398' title='bbox 179 2165 244 2190; x_wconf 89' lang='lat' dir='ltr'>hinc</span> <span class='ocrx_word' id='word_1_399' title='bbox 265 2166 307 2191; x_wconf 76' lang='lat' dir='ltr'>est</span> <span class='ocrx_word' id='word_1_400' title='bbox 326 2166 355 2190; x_wconf 87' lang='lat' dir='ltr'>et</span> <span class='ocrx_word' id='word_1_401' title='bbox 374 2165 411 2190; x_wconf 86' lang='lat' dir='ltr'><strong><em>M</em></strong></span> <span class='ocrx_word' id='word_1_402' title='bbox 423 2166 432 2198; x_wconf 82' lang='grc' dir='ltr'>ΙΙ</span> <span class='ocrx_word' id='word_1_403' title='bbox 454 2165 645 2200; x_wconf 84' lang='lat' dir='ltr'>historiarum]</span> <span class='ocrx_word' id='word_1_404' title='bbox 665 2166 781 2192; x_wconf 82' lang='lat' dir='ltr'>istarum</span> <span class='ocrx_word' id='word_1_405' title='bbox 800 2167 834 2192; x_wconf 90' lang='grc' dir='ltr'>Η</span> <span class='ocrx_word' id='word_1_406' title='bbox 849 2168 857 2200; x_wconf 91' lang='grc' dir='ltr'>ΙΙ</span> <span class='ocrx_word' id='word_1_407' title='bbox 881 2168 1017 2203; x_wconf 85' lang='lat' dir='ltr'>confusio]</span> <span class='ocrx_word' id='word_1_408' title='bbox 1038 2169 1144 2195; x_wconf 81' lang='lat' dir='ltr'>saluete</span> <span class='ocrx_word' id='word_1_409' title='bbox 1163 2169 1268 2203; x_wconf 84' lang='lat' dir='ltr'>recepti</span> <span class='ocrx_word' id='word_1_410' title='bbox 1286 2170 1454 2203; x_wconf 84' lang='lat' dir='ltr'>nequiquam</span> 
     </span>
     <span class='ocr_line' id='line_1_40' title="bbox 180 2200 1454 2239; baseline 0.005 -14"><span class='ocrx_word' id='word_1_411' title='bbox 180 2200 286 2226; x_wconf 85' lang='lat' dir='ltr'>cineres</span> <span class='ocrx_word' id='word_1_412' title='bbox 304 2201 368 2226; x_wconf 66' lang='lat' dir='ltr'>add,</span> <span class='ocrx_word' id='word_1_413' title='bbox 382 2201 417 2226; x_wconf 84' lang='lat' dir='ltr'><em>M</em></span> <span class='ocrx_word' id='word_1_414' title='bbox 431 2202 439 2233; x_wconf 87' lang='grc' dir='ltr'>ΙΙ</span> <span class='ocrx_word' id='word_1_415' title='bbox 456 2204 487 2226; x_wconf 85' lang='grc'>15</span> <span class='ocrx_word' id='word_1_416' title='bbox 507 2202 544 2227; x_wconf 76' lang='lat' dir='ltr'>acl</span> <span class='ocrx_word' id='word_1_417' title='bbox 564 2210 611 2227; x_wconf 86' lang='lat' dir='ltr'>cur</span> <span class='ocrx_word' id='word_1_418' title='bbox 630 2211 664 2227; x_wconf 90' lang='lat' dir='ltr'>m.</span> <span class='ocrx_word' id='word_1_419' title='bbox 681 2202 747 2228; x_wconf 82' lang='grc'>(1.11.</span> <span class='ocrx_word' id='word_1_420' title='bbox 767 2210 842 2235; x_wconf 78' lang='lat' dir='ltr'>supr.</span> <span class='ocrx_word' id='word_1_421' title='bbox 861 2211 927 2229; x_wconf 79' lang='lat' dir='ltr'>vers.</span> <span class='ocrx_word' id='word_1_422' title='bbox 947 2212 1003 2230; x_wconf 88' lang='lat' dir='ltr'>non</span> <span class='ocrx_word' id='word_1_423' title='bbox 1021 2204 1176 2239; x_wconf 82' lang='lat' dir='ltr'>interrogat</span> <span class='ocrx_word' id='word_1_424' title='bbox 1195 2205 1243 2231; x_wconf 86' lang='lat' dir='ltr'>sed</span> <span class='ocrx_word' id='word_1_425' title='bbox 1263 2206 1392 2231; x_wconf 79' lang='lat' dir='ltr'>causatur</span> <span class='ocrx_word' id='word_1_426' title='bbox 1409 2205 1434 2230; x_wconf 83' lang='lat' dir='ltr'><em>T</em></span> <span class='ocrx_word' id='word_1_427' title='bbox 1447 2207 1454 2239; x_wconf 60' lang='lat'>3]</span> 
     </span>
     <span class='ocr_line' id='line_1_41' title="bbox 182 2236 1453 2274; baseline 0.004 -13"><span class='ocrx_word' id='word_1_428' title='bbox 182 2239 213 2262; x_wconf 83' lang='grc'>16</span> <span class='ocrx_word' id='word_1_429' title='bbox 233 2237 317 2270; x_wconf 81' lang='lat' dir='ltr'>neget</span> <span class='ocrx_word' id='word_1_430' title='bbox 335 2236 499 2262; x_wconf 62' lang='lat' dir='ltr'>Ribbeckz‘us</span> <span class='ocrx_word' id='word_1_431' title='bbox 518 2237 581 2262; x_wconf 78' lang='lat' dir='ltr'>adn.</span> <span class='ocrx_word' id='word_1_432' title='bbox 603 2238 662 2263; x_wconf 75' lang='lat' dir='ltr'>eric.</span> <span class='ocrx_word' id='word_1_433' title='bbox 683 2238 719 2263; x_wconf 79' lang='lat' dir='ltr'>ad</span> <span class='ocrx_word' id='word_1_434' title='bbox 732 2246 755 2264; x_wconf 67' lang='lat' dir='ltr'>v.</span> <span class='ocrx_word' id='word_1_435' title='bbox 772 2240 836 2264; x_wconf 76' lang='lat'>428:</span> <span class='ocrx_word' id='word_1_436' title='bbox 856 2239 941 2272; x_wconf 87' lang='lat' dir='ltr'>negat</span> <span class='ocrx_word' id='word_1_437' title='bbox 955 2239 985 2264; x_wconf 80' lang='lat' dir='ltr'><em>F</em></span> <span class='ocrx_word' id='word_1_438' title='bbox 997 2240 1005 2273; x_wconf 75' lang='grc' dir='ltr'>Ι]</span> <span class='ocrx_word' id='word_1_439' title='bbox 1020 2242 1052 2265; x_wconf 80' lang='lat'>23</span> <span class='ocrx_word' id='word_1_440' title='bbox 1073 2241 1109 2266; x_wconf 77' lang='lat' dir='ltr'>ad</span> <span class='ocrx_word' id='word_1_441' title='bbox 1128 2241 1273 2274; x_wconf 86' lang='lat' dir='ltr'>antiquum</span> <span class='ocrx_word' id='word_1_442' title='bbox 1291 2249 1367 2274; x_wconf 77' lang='lat' dir='ltr'>supr.</span> <span class='ocrx_word' id='word_1_443' title='bbox 1386 2249 1453 2267; x_wconf 77' lang='lat' dir='ltr'>vers.</span> 
     </span>
     <span class='ocr_line' id='line_1_42' title="bbox 180 2271 1454 2310; baseline 0.005 -14"><span class='ocrx_word' id='word_1_444' title='bbox 180 2271 301 2304; x_wconf 85' lang='lat' dir='ltr'>primum</span> <span class='ocrx_word' id='word_1_445' title='bbox 323 2271 348 2296; x_wconf 82' lang='lat' dir='ltr'><em>T</em></span> <span class='ocrx_word' id='word_1_446' title='bbox 358 2273 367 2305; x_wconf 74' lang='lat' dir='ltr'>n</span> <span class='ocrx_word' id='word_1_447' title='bbox 388 2274 422 2297; x_wconf 75' lang='lat'>24</span> <span class='ocrx_word' id='word_1_448' title='bbox 441 2274 490 2298; x_wconf 85' lang='lat' dir='ltr'>aut</span> <span class='ocrx_word' id='word_1_449' title='bbox 509 2272 625 2298; x_wconf 77' lang='lat' dir='ltr'>Daniel.-</span> <span class='ocrx_word' id='word_1_450' title='bbox 644 2273 678 2299; x_wconf 88' lang='lat' dir='ltr'>ad</span> <span class='ocrx_word' id='word_1_451' title='bbox 698 2273 729 2298; x_wconf 84' lang='lat' dir='ltr'><em>F</em></span> <span class='ocrx_word' id='word_1_452' title='bbox 745 2275 807 2307; x_wconf 73' lang='lat'>{1&#39;25</span> <span class='ocrx_word' id='word_1_453' title='bbox 828 2282 893 2299; x_wconf 87' lang='lat' dir='ltr'>nam</span> <span class='ocrx_word' id='word_1_454' title='bbox 912 2275 948 2300; x_wconf 83' lang='lat' dir='ltr'>ad</span> <span class='ocrx_word' id='word_1_455' title='bbox 968 2275 1016 2307; x_wconf 84' lang='lat' dir='ltr'>M,</span> <span class='ocrx_word' id='word_1_456' title='bbox 1036 2275 1109 2301; x_wconf 85' lang='lat' dir='ltr'>enim</span> <span class='ocrx_word' id='word_1_457' title='bbox 1129 2277 1251 2302; x_wconf 70' lang='lat' dir='ltr'>omittens</span> <span class='ocrx_word' id='word_1_458' title='bbox 1265 2277 1274 2309; x_wconf 82' lang='grc' dir='ltr'>ΙΙ</span> <span class='ocrx_word' id='word_1_459' title='bbox 1293 2276 1454 2310; x_wconf 87' lang='lat' dir='ltr'>diremptio-</span> 
     </span>
     <span class='ocr_line' id='line_1_43' title="bbox 180 2307 1454 2346; baseline 0.005 -14"><span class='ocrx_word' id='word_1_460' title='bbox 180 2315 244 2332; x_wconf 89' lang='lat' dir='ltr'>nem</span> <span class='ocrx_word' id='word_1_461' title='bbox 263 2307 285 2332; x_wconf 78' lang='lat' dir='ltr'>l.-</span> <span class='ocrx_word' id='word_1_462' title='bbox 304 2307 505 2341; x_wconf 82' lang='lat' dir='ltr'>disruptionem</span> <span class='ocrx_word' id='word_1_463' title='bbox 526 2308 555 2333; x_wconf 88' lang='lat' dir='ltr'><em>F</em></span> <span class='ocrx_word' id='word_1_464' title='bbox 581 2308 765 2342; x_wconf 82' lang='lat' dir='ltr'>direptionem</span> <span class='ocrx_word' id='word_1_465' title='bbox 784 2309 888 2335; x_wconf 76' lang='lat' dir='ltr'>NLM</span> <span class='ocrx_word' id='word_1_466' title='bbox 911 2310 1077 2344; x_wconf 88' lang='lat' dir='ltr'>ireptionem</span> <span class='ocrx_word' id='word_1_467' title='bbox 1096 2312 1130 2337; x_wconf 90' lang='lat' dir='ltr'><strong><em>H</em></strong></span> <span class='ocrx_word' id='word_1_468' title='bbox 1153 2312 1345 2346; x_wconf 84' lang='lat' dir='ltr'>doreptionem</span> <span class='ocrx_word' id='word_1_469' title='bbox 1364 2321 1383 2338; x_wconf 79' lang='lat' dir='ltr'>‘n</span> <span class='ocrx_word' id='word_1_470' title='bbox 1397 2312 1406 2346; x_wconf 84' lang='grc' dir='ltr'>ΙΙ</span> <span class='ocrx_word' id='word_1_471' title='bbox 1420 2314 1454 2338; x_wconf 80' lang='grc'>26</span> 
     </span>
     <span class='ocr_line' id='line_1_44' title="bbox 181 2342 1361 2381; baseline 0.005 -13"><span class='ocrx_word' id='word_1_472' title='bbox 181 2343 218 2368; x_wconf 76' lang='lat' dir='ltr'>acl</span> <span class='ocrx_word' id='word_1_473' title='bbox 235 2342 360 2376; x_wconf 76' lang='lat' dir='ltr'>prodidit</span> <span class='ocrx_word' id='word_1_474' title='bbox 377 2350 452 2376; x_wconf 77' lang='lat' dir='ltr'>supr.</span> <span class='ocrx_word' id='word_1_475' title='bbox 473 2351 538 2370; x_wconf 78' lang='lat' dir='ltr'>vers.</span> <span class='ocrx_word' id='word_1_476' title='bbox 559 2343 670 2378; x_wconf 78' lang='lat' dir='ltr'>decepit</span> <span class='ocrx_word' id='word_1_477' title='bbox 687 2344 811 2378; x_wconf 83' lang='lat' dir='ltr'>prodidit</span> <span class='ocrx_word' id='word_1_478' title='bbox 829 2345 875 2371; x_wconf 87' lang='lat' dir='ltr'>uel</span> <span class='ocrx_word' id='word_1_479' title='bbox 893 2346 925 2371; x_wconf 90' lang='lat' dir='ltr'>ut</span> <span class='ocrx_word' id='word_1_480' title='bbox 944 2346 1057 2379; x_wconf 87' lang='lat' dir='ltr'>quidam</span> <span class='ocrx_word' id='word_1_481' title='bbox 1076 2347 1175 2374; x_wconf 83' lang='lat' dir='ltr'>uolunt</span> <span class='ocrx_word' id='word_1_482' title='bbox 1192 2347 1314 2381; x_wconf 79' lang='lat' dir='ltr'>perdidit</span> <span class='ocrx_word' id='word_1_483' title='bbox 1335 2346 1361 2373; x_wconf 87' lang='grc' dir='ltr'><em>Τ</em></span> 
     </span>
    </p>

    <p class='ocr_par' dir='ltr' id='par_1_11' title="bbox 1114 2390 1243 2417">
     <span class='ocr_line' id='line_1_45' title="bbox 1114 2390 1243 2417; baseline 0 0"><span class='ocrx_word' id='word_1_484' title='bbox 1114 2396 1117 2399; x_wconf 94' lang='grc'><strong><em>·</em></strong></span> <span class='ocrx_word' id='word_1_485' title='bbox 1188 2390 1243 2417; x_wconf 75' lang='grc'>35*</span> 
     </span>
    </p>
   </div>
  </div>
 </body>
</html>
