1690 2611
253 133 327 162 XXX
758 132 972 159 PRAEFATIO.

253 215 382 256 ginibus
408 224 570 255 pugnasse
595 214 686 254 dicit,
711 225 783 246 cum
808 214 1035 256 Syracusanis,
1060 215 1105 246 eis
1131 215 1186 255 qui
1210 213 1425 247 Athenienses
1449 215 1532 247 vice-

252 272 337 308 runt,
362 267 538 299 confundit.
578 268 618 299 ad
644 268 877 300 Ae11.V11641
910 271 1016 300 autem
1048 269 1127 300 haec
1153 268 1326 309 adscripsit
1353 268 1531 301 ‘Parnasus

252 333 344 353 mons
366 321 555 353 Thessaliae
579 322 734 353 dividitur
753 322 787 353 in
807 321 1035 353 Cithaeronem
1050 322 1159 354 Liberi
1180 324 1212 353 et
1226 321 1414 354 Heliconem
1434 323 1533 364 Apol*

255 376 343 416 linis,
368 376 459 407 cuius
485 378 560 407 sunt
583 375 720 407 Musae’.
730 374 754 416 ¹)

342 429 469 461 Servius
495 432 530 461 ut
554 441 661 460 rerum
683 429 721 460 ad
742 429 882 471 Vergilii
902 430 1047 461 carmina
1067 430 1247 461 enarranda
1266 430 1531 471 proferendarum

252 486 284 515 et
312 483 471 515 delectum
500 485 532 514 et
562 483 798 524 expositionem
833 483 872 514 ad
906 483 1159 515 adulescentium
1189 483 1327 514 maxime
1356 484 1531 515 utilitatem

251 538 389 578 rettulit,
423 538 471 568 ita
500 537 647 578 exempla
681 537 797 578 quibus
827 539 1000 577 praecepta
1033 549 1090 568 sua
1119 537 1385 568 confirmarentur
1414 537 1453 568 ab
1485 537 1531 568 eis

252 593 439 633 plerumque
461 591 674 631 scriptoribus
690 590 807 631 petivit
823 601 958 631 qnorum
979 590 1055 622 libri
1075 593 1144 622 tum
1164 592 1197 622 in
1218 591 1337 622 scholis
1362 591 1427 633 legi
1451 591 1531 622 sole-

252 646 343 677 bant:
374 657 392 676 a
421 645 572 676 Terentio
602 643 738 675 Horatio
768 644 897 675 Lucano
919 644 1023 675 Statio
1048 644 1198 676 Iuvenale
1226 644 1336 676 Persio
1366 645 1485 686 110οΐ13,
1513 655 1532 675 a

253 698 409 730 Cicerone
430 701 462 729 et
478 697 633 729 Sallustio
655 697 878 739 scriptoribus3
895 697 1106 730 Ciceroniana
1126 701 1234 730 autem
1255 698 1401 739 exempla
1420 709 1436 729 e
1451 698 1531 729 Ver-

253 753 331 784 rinis
367 752 505 783 maxime
539 751 743 782 orationibus
777 751 969 792 deprompta
1003 754 1086 783 sunt.
1134 754 1262 793 praeter
1296 752 1354 783 hos
1388 751 1529 782 Ennium

253 807 403 838 Plautum
437 805 622 836 Lucretium
647 805 797 836 Ovidium
828 805 953 846 saepius
983 805 1136 837 laudavit.
1184 807 1279 846 atque
1308 805 1530 836 Ennianorum

254 871 402 892 versuum
436 859 588 890 notitiam
622 859 842 899 superioribus
868 859 1090 900 grammaticis
1114 859 1229 890 debere
1254 859 1395 900 videtur,
1420 871 1439 890 a
1462 859 1531 900 qui-

253 914 311 945 bus
332 913 465 944 annales
486 924 556 944 cum
573 912 715 944 Aeneide
733 914 937 953 comparatos
958 924 1027 944 esse
1048 915 1183 944 constat.
1217 912 1384 944 Plautinas
1404 912 1530 944 fabulas

254 970 286 998 et
302 967 529 999 Lucretianum
550 977 678 998 carmen
697 978 775 997 num
800 967 869 1007 ipse
893 966 1008 1008 legerit
1027 966 1169 997 dubitari
1193 968 1315 1008 potest,
1340 977 1533 1007 quamquam

254 1033 317 1052 non
342 1021 431 1052 nulla
456 1032 565 1052 eorum
596 1031 677 1061 quae
702 1019 775 1051 inde
801 1020 913 1051 citavit
937 1031 975 1051 ea
999 1022 1072 1051 sunt
1096 1020 1215 1061 specie,
1244 1022 1280 1051 ut
1309 1031 1347 1051 ex
1376 1018 1535 1051 subitaria

251 1075 389 1106 lectione
422 1076 455 1105 in
489 1074 644 1105 memoria
678 1073 822 1104 haesisse
857 1073 1036 1104 videantur.
1076 1072 1129 1111 (cf.
1154 1073 1194 1105 ad
1218 1073 1298 1105 Aen.
1317 1073 1332 1104 Ι
1359 1073 1434 1114 140,
1458 1073 1532 1113 478,

250 1128 278 1160 V
308 1129 369 1160 112
394 1130 426 1159 et
449 1128 463 1158 I
495 1128 567 1167 743,
591 1127 640 1167 111
666 1127 746 1168 587,
770 1126 816 1157 IV
846 1126 934 1168 486).
978 1127 1085 1158 Ovidii
1102 1127 1407 1167 metamorphoseon
1432 1127 1532 1158 libros

251 1183 332 1224 legit
357 1184 389 1212 et
413 1181 453 1213 ad
477 1181 606 1212 fabulas
631 1180 829 1212 enarrandas
850 1180 1012 1222 adhibuit,
1038 1181 1092 1212 sed
1118 1181 1189 1222 ipsa
1212 1183 1326 1222 poetae
1351 1180 1450 1212 verba
1470 1179 1533 1211 nisi

252 1236 362 1277 paucis
386 1235 466 1266 locis
491 1246 555 1266 non
580 1234 853 1265 commemoravit.
892 1245 1005 1274 parum
1021 1233 1194 1276 diligenter
1215 1236 1321 1265 autem
1342 1234 1374 1265 in
1395 1234 1532 1265 aliorum

251 1289 356 1320 verbis
381 1288 550 1320 laudandis
576 1287 706 1319 Servius
737 1289 885 1318 versatus
915 1289 971 1318 est.
1017 1299 1092 1318 nam
1121 1289 1156 1318 ut
1184 1288 1312 1318 mittam
1341 1287 1532 1328 saepissime

250 1354 315 1374 non
339 1342 516 1374 indicatum
541 1352 611 1372 esse
632 1341 747 1383 quibus
769 1352 806 1372 ex
827 1341 918 1372 libris
940 1341 1087 1382 exempla
1107 1341 1209 1382 petita
1230 1342 1350 1381 essent,
1374 1352 1414 1372 ne
1434 1340 1532 1371 verba

251 1397 378 1438 quidem
407 1396 479 1437 ipsa
508 1396 656 1426 accurate
682 1406 809 1436 semper
837 1395 967 1426 laudata
997 1397 1079 1426 sunt.
1119 1405 1215 1435 quam
1245 1406 1312 1426 rem
1338 1394 1531 1425 Thomasius

251 1462 279 1491 p.
307 1451 369 1481 194
393 1461 457 1480 non
483 1448 594 1480 debuit
619 1460 637 1479 a
663 1450 888 1489 corruptorum
917 1448 1148 1488 exemplarium
1177 1460 1235 1479 usu
1261 1450 1317 1479 aut
1341 1459 1360 1479 a
1383 1447 1532 1478 librario-

250 1515 320 1535 rum
347 1503 512 1535 erroribus
537 1504 693 1542 repetere:
724 1502 822 1533 immo
851 1501 942 1532 nulla
970 1501 1034 1532 alia
1059 1502 1125 1533 eius
1151 1513 1247 1533 causa
1277 1503 1326 1532 est
1353 1501 1417 1532 nisi
1446 1500 1530 1542 quod

251 1557 380 1588 Servius
406 1557 497 1587 libris
522 1567 588 1587 non
616 1555 770 1596 inspectis
796 1566 812 1586 e
837 1555 992 1586 memoria
1021 1555 1121 1586 citare
1152 1555 1287 1586 solebat.
1326 1554 1400 1595 quid
1425 1554 1532 1585 enim?

251 1622 266 1641 e
283 1611 421 1653 Vergilii
437 1610 584 1642 versibus
605 1620 623 1640 a
645 1608 858 1649 grammatico
879 1608 1017 1648 exempli
1037 1619 1133 1639 causa
1149 1607 1410 1639 commemoratis
1425 1617 1531 1638 nonne

252 1665 331 1696 satis
358 1662 485 1705 multi2)
512 1663 551 1694 ab
573 1673 648 1694 vera
665 1664 696 1693 et
716 1661 837 1693 tradita
854 1661 1013 1702 scriptura
1033 1661 1129 1703 longe
1144 1661 1310 1701 recedunt,
1336 1671 1530 1702 quamquam

222 1722 224 1724 ’
251 1718 382 1759 optimis
407 1717 499 1748 illum
525 1715 762 1756 exemplaribus
785 1726 877 1746 usum
899 1726 968 1746 esse
989 1713 1183 1745 Thomasius
1208 1725 1239 1755 p.
1264 1714 1328 1746 263
1353 1714 1422 1755 ipse
1442 1714 1531 1745 dixit.

252 1773 348 1812 atque
373 1770 511 1811 Vergilii
536 1770 663 1811 quidem
689 1768 834 1799 carmina
858 1768 934 1809 quin
954 1769 1025 1799 tota
1049 1767 1115 1799 fere
1135 1768 1229 1808 idque
1250 1768 1288 1799 ad
1309 1767 1442 1800 verbum
1467 1778 1531 1798 me-

253 1825 354 1856 moria
377 1826 487 1855 tenere
512 1823 641 1855 Servius
667 1822 728 1853 sibi
754 1822 840 1853 visus
871 1822 914 1853 sit
938 1821 1080 1853 dubitari
1110 1822 1162 1853 vix
1191 1823 1308 1862 potest.
1347 1832 1419 1852 cum
1451 1823 1530 1852 cete-

251 1890 359 1910 rorum
385 1880 493 1909 autem
519 1877 625 1915 libris,
650 1887 785 1917 quorum
811 1867 938 1916 quidem
959 1875 1158 1916 frequentior
1182 1878 1231 1906 est
1256 1874 1531 1916 commemoratio,

253 1934 287 1963 ut
320 1934 444 1963 tantam
471 1931 561 1972 quasi
598 1930 855 1962 familiaritatem
890 1929 1095 1960 contraheret
1124 1929 1368 1970 grammaticus,
1402 1930 1438 1960 ut
1465 1939 1531 1960 11011

252 1986 414 2026 inspectos
440 1997 494 2016 eos
520 1985 619 2016 citare
645 1983 793 2024 auderet,
822 1993 887 2013 non
911 1993 975 2013 una
999 1993 1032 2013 re
1058 1982 1204 2014 effectum
1235 1984 1293 2015 est.
1330 1993 1405 2013 nam
1429 1992 1530 2022 neque

252 2040 343 2070 unius
373 2039 507 2080 Vergilii
537 2038 680 2069 carmina
710 2037 741 2068 in
773 2035 892 2067 scholis
922 2046 993 2066 eum
1022 2037 1180 2067 tractasse
1210 2036 1277 2068 veri
1306 2036 1410 2067 simile
1439 2033 1531 2076 est³)‚

323 2128 347 2159 1)
368 2126 478 2152 notavit
505 2126 577 2151 1111110
602 2133 723 2151 errorem
744 2123 890 2156 Philippus
916 2123 1066 2150 Beroaldus
1091 2133 1200 2158 quoque
1226 2124 1273 2158 qui
1297 2122 1526 2150 adnotationibus

252 2167 277 2193 in
300 2166 388 2193 Servii
409 2165 625 2192 commentarios
651 2173 722 2191 anno
745 2167 813 2190 1510
837 2162 920 2189 editis
945 2172 1016 2196 quae
1041 2172 1057 2190 a
1082 2163 1179 2190 Servio
1203 2173 1300 2198 parum
1327 2162 1478 2196 diligenter
1502 2163 1530 2187 ct

251 2207 318 2233 scite
339 2207 467 2240 exposita
486 2215 545 2231 esso
568 2205 733 2232 videbantur
753 2203 868 2236 collegit
887 2204 915 2228 et
934 2203 1060 2230 correxit.
1135 2207 1161 2234 ⁴2)
1182 2204 1215 2230 cf.
1237 2204 1302 2229 Aen.
1325 2203 1333 2228 1
1350 2205 1365 2228 2
1386 2203 1422 2236 (p.
1444 2204 1467 2234 8,
1489 2204 1528 2233 ως

252 2251 266 2273 v,
291 2249 330 2281 (p.
353 2251 397 2279 12,
417 2248 456 2280 a„
481 2250 509 2272 1:
537 2247 572 2279 (1¹.
596 2249 640 2277 17,
664 2246 701 2278 1);
733 2248 782 2270 ‘331
805 2246 840 2277 (p.
862 2246 909 2275 38,
932 2244 968 2276 1);
994 2247 1044 2270 35ss
1065 2246 1102 2278 (p.
1126 2247 1184 2277 123,
1206 2244 1243 2277 1);
1272 2245 1322 2269 487
1344 2243 1379 2275 (p.
1403 2244 1461 2274 15⁴,
1487 2244 1529 2273 12)

251 2287 286 2313 111.
307 2296 339 2313 ex
360 2287 403 2313 his
423 2286 562 2312 erroribus
579 2294 632 2310 nou
649 2285 739 2310 nullos
755 2284 782 2310 in
799 2282 971 2317 plenioribus
987 2283 1066 2310 libris
1086 2285 1223 2311 correctos
1243 2291 1301 2310 esse
1321 2281 1456 2309 videmus,

251 2330 277 2360 κ’)
298 2327 324 2353 111
346 2325 468 2354 Terentii
490 2324 672 2351 πρίει-1011111
690 2324 864 2350 Veri-inarum
886 2323 954 2349 locis
969 2324 1061 2357 plures
1072 2332 1177 2351 errores
1188 2322 1305 2350 inveniri
1326 2330 1424 2348 moneo
1445 2330 1527 2355 quain

250 2367 277 2393 iu
298 2367 466 2399 reliquorum
487 2365 631 2398 exemplis.
