1690 2611
659 116 874 144 PRAEFATIO.
1316 120 1405 146 XLIX

126 200 195 229 tum
228 200 285 230 est.
323 198 403 230 folia
436 210 518 240 quae
551 199 647 240 primi
683 201 715 230 et
748 198 877 230 secundi
910 198 986 229 libri
1021 199 1125 231 exitus
1165 200 1329 232 habebant
1361 202 1406 233 in-

127 252 293 284 terierunt.

215 305 316 337 Tertii
346 308 377 338 et
407 317 518 338 eorum
547 305 601 347 qui
630 317 731 347 usque
761 306 800 336 ad
830 306 1005 347 septimum
1039 309 1216 347 sequuntur
1250 308 1405 340 librorum

127 359 363 401 commentarii,
388 360 443 401 qui
468 359 595 401 quidem
620 359 653 390 in
677 358 867 390 Cassellano
894 361 1017 400 extant,
1042 370 1113 390 cum
1142 360 1286 400 priorum
1311 361 1405 393 libro-

125 425 198 444 rum
223 413 412 445 commentis
438 413 616 454 comparati
641 412 747 454 exigui
767 412 864 453 pretii
884 415 974 453 sunt,
998 412 1119 444 habent
1138 415 1247 445 tamen
1267 414 1405 446 fortasse

127 467 165 498 ad
189 467 343 508 plenioris
369 466 592 498 commentarii
621 466 765 497 rationes
790 466 908 497 rectius
934 466 1174 507 cognoscendas
1201 467 1320 508 aliquid
1346 468 1405 499 uti-

126 520 239 552 litatis
283 532 359 552 nam
392 531 588 562 quamquam
620 519 771 551 additicia
804 519 927 550 scholia
960 521 1087 551 tantum
1119 531 1183 551 non
1216 521 1324 552 omnia
1354 521 1405 553 de-

127 573 247 615 sunt¹),
271 574 478 606 inveniuntur
501 575 611 604 tamen
636 573 861 614 supplementa
890 584 955 604 non
979 573 1069 604 nulla
1097 584 1161 604 11110
1191 574 1248 604 illa
1277 574 1405 615 quidem

127 627 178 658 vel
210 627 320 668 paucis
354 627 462 658 verbis
496 627 742 668 comprehensa,
781 626 834 657 sed
869 637 934 657 non
967 627 1098 658 omnino
1132 627 1321 667 spernenda.
1369 630 1406 659 ut

126 680 274 721 exempla
298 691 335 711 ex
360 680 457 712 tertio
482 680 565 712 libro
593 680 795 722 depromam,
825 680 1010 711 conferatur
1039 680 1205 711 adnotatio
1231 680 1342 711 critica
1367 681 1405 711 ad

125 744 152 764 v.
178 733 256 775 251,
279 734 358 775 263,
383 734 461 775 287,
491 734 567 774 291,
596 734 674 774 301,
699 734 777 774 306⁷
806 734 884 774 364,
913 734 990 774 367,
1020 734 1098 774 411,
1122 734 1200 774 420,
1225 733 1302 774 469,
1331 733 1405 772 515,

125 787 203 828 553,
227 787 305 827 567,
327 787 405 826 615,
430 787 508 828 636,
533 788 611 827 670,
636 787 714 828 678,
740 787 817 827 698,
838 787 914 825 699,
942 787 1018 827 705,
1044 787 1116 818 711.
1155 798 1236 828 quae
1255 787 1306 818 his
1327 788 1405 818 locis

125 839 315 872 Cassellano
341 842 372 871 et
396 840 594 871 Floriacensi
618 840 802 871 eommunia
831 842 906 871 sunt
935 852 972 871 ea
997 841 1024 871 si
1054 840 1124 881 quis
1153 852 1211 881 pro
1242 840 1404 872 Servianis

125 893 239 925 haberi
262 894 354 935 velit,
378 894 411 924 in
435 894 514 935 ipsis
538 894 619 925 nihil
645 894 770 935 reperio
796 893 881 934 quod
902 893 930 924 ei
950 894 1129 924 sententiae
1155 894 1351 936 adversetur,
1370 896 1405 925 ut

126 947 231 988 possit
256 947 356 979 videri
380 948 493 988 regula
517 947 647 978 inventa
668 958 751 986 esse,
776 958 839 988 qua
864 946 983 978 damna
1002 947 1035 977 in
1055 947 1197 988 vulgatis
1222 947 1313 978 libris
1335 946 1404 978 Ser-

126 1000 221 1031 viano
255 1001 487 1032 commentario
520 1000 624 1031 inlata
657 1000 837 1031 metiamur.
879 1011 983 1041 neque
1017 1002 1125 1031 tamen
1159 1000 1268 1031 omitti
1301 1000 1405 1042 debet,

127 1053 192 1084 alia
223 1054 260 1085 de
293 1054 408 1096 quibus
438 1053 645 1086 Cassellanus
680 1064 752 1084 cum
782 1052 978 1084 Floriaeensi
1008 1054 1202 1094 consentiat,
1231 1065 1311 1094 quae
1340 1065 1404 1085 non

126 1118 229 1148 pauca
253 1110 342 1148 sunt,
371 1120 389 1139 a
419 1107 531 1139 Servio
561 1107 667 1138 aliena
697 1117 779 1147 esse,
812 1107 879 1138 sive
908 1106 1113 1138 librariorum
1144 1107 1304 1138 erroribus
1334 1110 1405 1138 orta

126 1160 236 1203 sint²)‚
268 1162 335 1193 sive
369 1161 408 1192 ab
443 1161 625 1202 corrigendi
655 1160 762 1191 studio
791 1160 945 1202 profecta.
990 1161 1124 1201 longum
1154 1163 1203 1191 est
1232 1171 1286 1192 eos
1316 1161 1404 1192 locos

126 1214 243 1255 quibus
277 1215 460 1246 breviorum
498 1215 655 1246 librorum
694 1214 873 1254 scripturae
908 1213 1088 1245 Cassellani
1124 1216 1155 1245 et
1188 1213 1404 1245 Floriacensis

124 1268 321 1299 testimoniis
352 1268 543 1309 integriores
575 1269 650 1298 sunt
680 1277 791 1298 omnes
826 1278 1028 1307 enumerare,
1062 1278 1182 1308 paucos
1212 1279 1403 1299 commemo—

125 1332 213 1352 rasse
234 1322 312 1353 satis
343 1324 391 1352 est
419 1321 536 1362 quibus
561 1320 750 1351 correctoris
781 1332 893 1351 manus
919 1321 1116 1362 agnoscitur.
1160 1321 1243 1362 quod
1268 1321 1315 1351 ΠΙ
1340 1321 1403 1352 276

126 1375 159 1405 111
182 1375 324 1416 vulgatis
349 1375 442 1406 libris
468 1375 588 1416 legitur
613 1374 719 1404 intulit
746 1374 927 1414 elegantius
956 1377 1006 1405 cst
1035 1385 1132 1415 quam
1156 1375 1290 1415 addidit,
1319 1374 1403 1414 quod

126 1427 342 1460 Floriacensis
368 1428 510 1469 praebet.
553 1426 760 1458 Cassellanus
781 1427 903 1458 addidit
920 1438 982 1457 non
1007 1427 1077 1458 tulit
1101 1427 1244 1468 exhibet,
1268 1427 1350 1458 unde
1371 1427 1404 1458 in

126 1481 300 1522 archetypo
326 1481 393 1513 91113
410 1491 481 1511 011111
507 1491 525 1510 a
549 1479 655 1521 prima
679 1490 776 1510 manu
792 1480 912 1510 addidit
935 1482 1030 1519 esset,
1050 1491 1068 1510 a
1089 1482 1268 1511 correctore
1294 1480 1403 1521 aliquo

125 1534 231 1565 intulit
254 1545 352 1575 supra
372 1533 529 1574 scriptum
554 1533 653 1563 fuisse
674 1533 844 1574 probabile
862 1534 918 1563 est.
958 1533 1019 1564 ‘281
1047 1536 1181 1574 uterque
1201 1533 1298 1565 codex
1320 1533 1403 1564 falso

119 1589 245 1627 propter
268 1598 325 1628 pro
344 1589 469 1627 practer
492 1585 598 1617 habet.
637 1586 698 1616 291
728 1588 877 1616 ueterezcm
903 1588 951 1617 est
975 1586 1007 1616 in
1032 1585 1244 1627 Floriacensi,
1267 1589 1404 1627 ueyetum

125 1641 158 1671 in
183 1640 386 1681 Cassellano,
421 1639 559 1671 Veretum
589 1640 624 1670 in
653 1639 830 1679 archetypo
859 1639 943 1670 libro
974 1639 1072 1670 fuisse
1102 1641 1234 1671 conicio.
1277 1640 1403 1680 vulgati

124 1693 198 1725 libri
224 1693 404 1725 Calabriam
432 1693 602 1734 praebent,
632 1692 716 1733 quod
745 1703 839 1723 nemo
864 1703 929 1723 non
954 1693 1051 1723 sentit
1080 1693 1186 1734 aptius
1216 1704 1298 1724 esse:
1328 1704 1402 1724 nam

125 1746 216 1788 Epiri
240 1747 363 1778 nomini
387 1746 528 1788 regionis
553 1746 672 1777 rectius
698 1756 793 1785 quam
820 1745 930 1786 oppidi
945 1757 1063 1777 nomen
1081 1746 1263 1787 opponitur.
1293 1757 1402 1787 quam-

126 1811 222 1840 quam
247 1812 319 1831 eum
344 1800 398 1841 qui
423 1799 611 1831 ‘Veretum'
641 1799 750 1840 posuit
775 1799 953 1830 doctrinam
981 1799 1160 1831 ostendisse
1184 1811 1248 1831 non
1273 1800 1403 1831 infitior.

126 1853 190 1884 332
214 1856 249 1884 ut
271 1853 304 1884 in
327 1853 457 1884 historia
486 1853 625 1893 lemnam,
655 1863 735 1893 quae
761 1852 945 1883 breviorum
975 1853 1131 1884 librorum
1161 1854 1321 1894 scriptura
1346 1855 1404 1894 est,

126 1908 236 1937 tuetur
259 1906 525 1947 mythographus.
563 1906 627 1937 499
652 1904 861 1937 Cassellanus
891 1907 924 1936 et
948 1905 1162 1938 Floriacensis
1192 1907 1226 1938 in
1250 1907 1403 1938 lemmate

126 1960 157 1990 id
187 1959 339 1990 exhibent
367 1959 451 2000 quod
485 1958 615 1990 Servius
649 1959 781 1999 abiecit3
814 1969 890 1989 nam
920 1971 938 1990 a
967 1960 1071 2000 prima
1099 1972 1197 1991 manu
1226 1961 1343 1999 fuerint
1370 1961 1403 1991 in

126 2012 315 2044 Cassellano
340 2012 410 2043 fuit.
449 2012 510 2043 707
540 2023 602 2044 mm
627 2013 710 2053 longye
739 2023 757 2043 a
786 2015 885 2043 monte
912 2013 1011 2053 Eryce
1039 2015 1144 2055 magis
1170 2014 1277 2055 placet
1306 2025 1402 2055 quam

126 2070 196 2098 ante
214 2067 322 2107 pedem
345 2066 457 2096 montis
484 2066 605 2105 Erycis.
648 2065 747 2096 etiam
771 2066 876 2106 magis
902 2067 1122 2098 memorabilis
1147 2069 1196 2098 est
1220 2066 1402 2098 Floriacen-

127 2121 170 2152 sis
197 2123 228 2151 et
252 2119 433 2151 Cassellani
462 2118 640 2150 similitudo
670 2118 721 2149 his
750 2119 843 2149 locis:
872 2118 919 2149 ΠΙ
943 2120 1008 2151 286
1039 2120 1249 2160 iutelleyamus
1276 2120 1401 2161 vulgati

200 2218 224 2250 1)
244 2224 383 2250 perpauca
402 2223 488 2248 eaque
509 2213 656 2240 admodum
673 2213 741 2248 vilia.
763 2213 950 2247 inveniuntur,
971 2215 1059 2241 veluti
1078 2216 1107 2242 in
1126 2216 1210 2242 tertio
1230 2216 1300 2243 libro
1321 2217 1354 2242 ad
1376 2226 1400 2242 v.

127 2258 176 2283 678
198 2256 288 2290 Caelo]
305 2264 358 2289 pro
379 2255 420 2281 ‘in
440 2254 552 2281 caelfzwn'
575 2255 603 2279 et
622 2262 647 2280 V.
669 2256 719 2280 718
745 2254 883 2280 Conticuit
902 2256 1022 2290 tandem]
1048 2259 1078 2282 uc
1104 2256 1266 2282 ‘conticuere
1289 2256 1402 2283 omnes’.

197 2299 223 2329 2)
250 2296 284 2322 οἱ,
311 2295 404 2322 adnot.
433 2295 492 2321 erit.
518 2294 553 2319 ad
577 2294 614 2319 HI
639 2296 703 2327 222,
729 2297 793 2326 231,
818 2297 882 2326 233,
907 2297 972 2328 260,
992 2298 1043 2321 445
1068 2297 1106 2330 (p,
1127 2299 1191 2328 421,
1214 2297 1271 2329 15),
1292 2299 1343 2321 624
1363 2297 1400 2329 (p.

127 2339 191 2368 446,
211 2338 250 2370 3),
270 2338 321 2362 680
341 2335 376 2362 al.

1154 2379 1187 2405 d*
