1690 2611
494 106 607 132 COMM.
629 107 666 132 IN
686 107 792 134 VERG.
814 107 895 134 AEN.
917 108 961 134 lv.
982 112 1129 135 514—529.
1387 111 1451 141 559

176 197 245 218 rum
271 187 353 219 ratio
385 188 575 219 continetur.
621 199 663 219 cm
692 187 826 220 ‘conseia
851 189 914 229 fati
940 191 990 221 sui
1018 193 1144 222 testabar
1170 191 1296 230 siclera’,
1325 194 1359 224 ut
1386 202 1452 225 cow-

174 242 294 273 stmztia
318 242 382 274 eius
405 244 555 282 amiareat
575 243 655 273 ‘mort⁷
677 242 819 274 volentis:
844 253 911 283 cryc
936 242 1012 282 ‘fati
1035 244 1108 282 sni’,
1132 246 1166 276 id
1187 248 1230 277 est
1253 247 1366 278 mortis.

264 295 337 327 520.
375 304 405 327 SI
434 304 529 333 QVOD
558 304 630 328 NON
659 304 772 334 AEQvo
802 305 962 328 FOEDERE
998 306 1151 330 AMANTIS
1185 307 1297 330 CVRAE
1330 309 1450 332 NVMEN

175 358 289 381 HABET
314 350 391 381 ordo
417 351 479 381 est:
502 351 579 380 tunc
602 361 721 381 numen
743 351 902 391 precatur,
927 350 955 381 si
980 351 1065 392 quod
1091 363 1184 383 curae
1212 352 1312 385 habet
1341 365 1451 385 aman-

174 404 223 434 tes
247 414 313 434 non
337 414 438 445 aequo
463 402 604 438 foedere:
630 402 673 434 ‘si
698 403 798 444 quod'
824 405 931 435 autem
956 404 1035 435 bene
1061 404 1201 443 dubitat,
1225 408 1334 438 utrum
1358 408 1450 439 ctiam

174 467 223 487 res
253 457 357 488 malae
386 456 529 488 habeant
556 457 759 498 praepositas
788 459 976 498 potestates.
1027 468 1140 489 sensus
1170 461 1277 490 autem
1307 460 1360 492 hic
1389 463 1450 492 est:

175 511 258 550 [aut]
272 507 452 552 Ἀντέρωτα
468 510 607 551 invocat,
627 510 824 542 contrarium
841 510 1000 553 Cupidini,
1017 511 1071 553 qui
1091 523 1217 544 amores
1237 514 1378 554 resolvit,
1394 517 1451 546 aut

175 566 260 596 certe
285 565 335 596 cui
359 575 452 596 curae
477 566 526 595 est
549 563 675 605 iniquus
701 575 800 605 amor,
824 564 948 596 scilicet
971 567 1007 596 ut
1031 565 1164 607 inplicet
1187 578 1252 598 non
1276 569 1449 600 amantem.

240 631 269 650 sl
288 631 362 654 Qroo
383 631 407 650 Ν.
427 631 452 649 A.
470 631 492 650 r.
508 631 532 649 A.
549 632 570 650 c.
589 631 613 650 Ν.
628 620 668 658 Η]
704 618 722 637 *
736 620 822 658 [uam
850 620 890 658 et]
922 620 1112 652 amatoribus
1137 632 1277 661 praeesse
1307 622 1450 653 dictentur

164 669 271 712 ’Έρως
301 669 458 712 Ἀντέρως
496 671 661 713 Λυσέρως.
720 683 781 703 non
814 673 894 704 nulli
927 673 1072 705 Nemesin
1105 675 1277 715 siynificcwi
1303 676 1449 716 putant&

171 725 244 757 haec
266 726 358 757 etiam
381 725 514 757 Athenis
536 726 594 757 coli
616 727 737 757 dicitur.

261 780 333 811 521.
375 788 573 818 IVSTVMQVE
605 789 796 818 MEMORQVE
832 780 978 812 ‘iustum'
1015 782 1057 813 ad
1094 782 1305 823 iudicandum,
1329 786 1365 814 ut
1399 794 1448 814 ex-

172 834 344 876 pugnetur·
357 833 412 875 qui
437 835 487 864 est
506 843 602 864 causa
623 833 816 865 discordiae:
841 833 985 866 ‘memor'
1005 836 1047 866 ad
1064 835 1290 867 vindicandum.
1332 839 1359 868 ct
1379 836 1447 868 ‘me-

171 886 252 918 mor’
277 887 342 918 idco
364 889 469 917 neutro
490 897 604 927 ycncrc.
628 887 702 927 quia
726 886 870 919 ‘numen’
895 889 1023 920 dixerat.

260 941 334 972 522.
371 949 442 973 Nox
466 949 555 971 ERAT
579 941 783 981 protenditur
807 941 870 972 ista
894 941 1070 983 descriptio
1096 942 1136 974 ad
1160 943 1445 985 exaggerationem

170 994 357 1037 vigiliarum
382 994 526 1026 Didonis.

260 1049 333 1080 523.
371 1057 564 1086 SILVAEQVE
591 1048 763 1079 secundum
788 1059 841 1079 eos
863 1049 916 1090 qui
937 1049 1047 1081 dicunt
1068 1051 1177 1082 omnia
1201 1062 1280 1092 quae
1301 1054 1449 1083 crescunt

171 1102 326 1133 animalia
350 1113 427 1133 esse.

260 1156 333 1187 524.
371 1164 534 1193 AEQVORA
559 1156 717 1187 elementa
741 1156 840 1187 etiam
873 1156 1026 1188 animalia
1055 1168 1125 1188 esse
1154 1158 1336 1190 voluerunt:
1365 1159 1447 1190 uude

172 1211 222 1241 est
245 1210 279 1241 in
303 1210 440 1251 septimo
465 1209 550 1250 <34>
575 1209 735 1241 aethera
759 1209 983 1241 mulcebant
1007 1213 1131 1242 cantu.
1209 1225 1298 1243 mmm
1324 1225 1445 1245 romanv-

171 1276 226 1296 TVR
245 1276 349 1296 SIDERA
370 1277 463 1295 LAPSV
484 1267 598 1295 noctem
621 1264 761 1295 describit
776 1274 834 1304 per
857 1264 970 1300 sidem,
995 1264 1049 1295 hoc
1071 1267 1115 1297 cst
1136 1275 1204 1296 cum
1222 1267 1356 1297 medium
1379 1277 1446 1298 cm·-

169 1328 238 1349 sum
261 1320 360 1349 tenent
381 1318 495 1358 sidera,
519 1329 596 1358 quae
619 1320 685 1349 orta
708 1320 788 1349 sunt.

258 1371 331 1403 525.
368 1381 478 1403 TACET
503 1380 595 1403 AGER
620 1382 657 1402 ea
681 1382 762 1412 quae
785 1371 818 1402 in
842 1371 930 1413 agris
955 1374 1038 1404 sunt.
1119 1385 1279 1408 PICTAEQVE
1305 1387 1448 1407 rorrczirs

171 1435 229 1457 uno
253 1429 338 1456 verbo
361 1425 472 1456 multos
500 1427 528 1456 et
554 1425 657 1456 varios
684 1425 795 1456 colores
822 1425 927 1456 aviam
954 1426 1189 1458 demonstravit:
1211 1427 1337 1467 pictura
1365 1429 1446 1459 enim

168 1489 204 1510 cx
227 1479 332 1510 multis
355 1479 502 1510 coloribus
524 1481 648 1510 constat.

256 1533 328 1564 529.
365 1545 480 1564 flivoiv
496 1545 618 1564 mmlx
635 1546 723 1565 Aivtm
740 1533 912 1574 antithesis,
946 1536 980 1564 ut
1011 1537 1047 1565 at
1075 1545 1146 1566 non
1173 1545 1245 1575 qua
1273 1534 1446 1575 Scythiae

239 1598 273 1621 26
283 1594 407 1634 Qu]
428 1602 522 1629 georg.
542 1594 581 1620 III
601 1597 651 1621 349

239 1651 254 1674 2
274 1648 400 1675 uolentes
421 1648 450 1674 F
470 1650 479 1682 ΙΙ
502 1657 581 1675 curas
602 1648 631 1674 F
657 1656 723 1674 cura
743 1648 775 1674 Η
795 1649 804 1682 ΙΙ
830 1651 844 1675 5
865 1649 934 1675 etita.
954 1649 983 1675 F
1010 1651 1038 1675 et
1058 1650 1161 1676 Daniel
1190 1658 1271 1683 super
1290 1650 1445 1684 Stephanus

169 1683 269 1717 ἔρωτες
283 1683 318 1710 F.
330 1684 478 1711 Schoellius
491 1686 500 1718 Η
515 1688 530 1711 6
545 1684 635 1710 malae
651 1692 694 1710 res
705 1684 735 1710 F
746 1685 755 1717 ss
769 1685 942 1718 praepositas
958 1685 1081 1711 habeant
1095 1685 1132 1711 M
1144 1686 1153 1719 ΙΙ
1167 1686 1321 1719 potestates
1335 1694 1400 1712 nam
1417 1688 1445 1713 et

168 1719 338 1747 amatoribus
359 1742 363 1746 .
385 1741 390 1746 .
407 1741 412 1746 .
433 1720 584 1754 significari
603 1721 703 1753 putant
721 1720 848 1746 nonnulli
867 1722 994 1747 anterota
1014 1720 1164 1747 inuocabat
1184 1743 1188 1747 .
1207 1743 1211 1747 .
1229 1742 1233 1747 .
1254 1721 1370 1755 inplicet
1389 1731 1444 1748 non

169 1755 307 1781 amantem
327 1755 373 1782 hic
393 1755 477 1782 etiam
496 1755 606 1782 athenis
622 1756 676 1782 coli
695 1755 796 1781 dicitur
806 1755 842 1783 F.
866 1756 911 1782 hic
928 1756 1013 1782 etiam
1029 1778 1034 1782 .
1047 1778 1052 1782 .
1065 1779 1070 1783 .
1086 1756 1188 1782 dicitur
1207 1757 1255 1783 hoc
1270 1757 1326 1784 loco
1340 1759 1444 1784 serrari

168 1792 225 1817 vult
245 1790 279 1817 F.
291 1790 439 1817 Schoellius
458 1792 527 1818 conl.
541 1792 625 1817 Paus.
646 1791 657 1816 Ι
673 1794 714 1817 30.
735 1792 804 1817 idem
824 1794 872 1817 aut
892 1794 953 1818 ante
970 1789 1118 1824 ’Λντέρωτα
1137 1793 1252 1818 seclusit.
1268 1794 1277 1826 ΙΙ
1297 1793 1333 1819 ad
1352 1802 1375 1820 v.
1392 1797 1443 1820 520

168 1827 198 1852 in
217 1835 301 1860 mary.
321 1827 447 1853 nonnulli
469 1828 579 1861 praeter
598 1827 672 1860 quod
698 1826 803 1853 seruius
828 1827 896 1853 dicit
919 1828 1066 1853 nemessim
1092 1828 1241 1861 significari
1265 1829 1318 1855 hoc
1341 1838 1443 1856 numen

167 1862 268 1896 putant
288 1862 340 1888 hoc
359 1862 443 1888 etiam
463 1862 572 1889 athenis
593 1863 647 1889 coli
667 1862 769 1888 dicitur
786 1862 810 1888 T
822 1864 831 1896 ΙΙ
851 1866 864 1888 7
886 1864 935 1889 aut
954 1864 1063 1890 aterota
1078 1864 1146 1889 NH
1170 1864 1238 1895 {aut
1257 1865 1403 1896 an}terota
1418 1865 1443 1890 L

167 1899 216 1924 aut
235 1898 300 1924 ante
316 1899 378 1924 rota
399 1898 435 1923 M
447 1899 456 1931 ΙΙ
474 1898 587 1924 inuocat
607 1899 654 1924 M:
673 1898 823 1924 inuocabat
842 1898 974 1924 FNLH
990 1901 1012 1931 (t
1026 1900 1056 1925 in
1071 1908 1124 1925 ras.
1137 1900 1155 1929 l)
1170 1901 1179 1933 11
1194 1899 1259 1932 quia
1274 1900 1297 1925 L
1319 1900 1377 1934 (qui
1397 1901 1416 1932 l)

167 1942 261 1960 amore
281 1926 331 1966 F‘H
349 1934 472 1960 resoluta
490 1934 543 1967 ΗῘΙ
562 1936 577 1960 8
598 1942 664 1960 cura
683 1934 712 1959 F
729 1935 738 1967 H
760 1937 792 1960 10
812 1942 873 1960 eros
893 1935 1003 1961 anteros
1023 1935 1128 1968 lyseros
1148 1935 1177 1960 F
1193 1936 1202 1968 ΙΙ
1223 1933 1353 1968 Δυσέρως
1373 1937 1441 1962 coni.

169 1969 321 2002 Piynorius
339 1970 421 2002 symb.
441 1972 541 2003 quaest.
557 1969 581 1995 V
595 1970 604 2003 ΙΙ
628 1973 657 1995 11
678 1969 748 1996 haec
767 1970 878 2002 scripsi:
897 1969 943 1996 hie
963 1970 997 1997 F.
1032 1972 1064 2003 cf.
1088 1971 1191 1997 Preller
1209 1972 1306 2004 yriech.
1324 1972 1441 2005 Mytltol.

167 2003 191 2030 1²
210 2013 236 2038 p.
252 2008 303 2031 418
325 2005 334 2038 ΙΙ
360 2008 390 2030 12
411 2006 447 2031 acl
465 2005 623 2038 iustumque
642 2013 717 2038 supr.
738 2013 802 2031 vers.
822 2005 925 2032 iustum
953 2006 986 2032 ad
1010 2006 1190 2032 iudicandum
1215 2008 1245 2032 ut
1269 2008 1442 2041 expugnetur

795 2047 835 2060 un]

168 2067 214 2100 qui
234 2068 275 2092 est
295 2075 379 2093 cansa
397 2066 551 2093 discordiae
571 2068 600 2093 et
618 2075 723 2094 memor
743 2068 777 2094 ad
797 2067 975 2101 iudicandum
996 2076 1101 2094 memor
1120 2068 1183 2095 ideo
1200 2090 1205 2095 .
1223 2091 1227 2095 .
1245 2090 1250 2095 .
1269 2069 1377 2095 dixerat
1396 2069 1435 2095 T*

168 2112 263 2129 ivsrvn
285 2112 314 2128 ετ
334 2112 422 2128 naxon
441 2102 581 2128 NLHM
593 2103 602 2135 ss
618 2106 648 2128 13
669 2103 717 2136 qui
736 2104 779 2129 est
797 2103 988 2136 del.l11causa
1007 2112 1039 2129 ex
1058 2112 1141 2130 cause
1162 2105 1198 2130 M
1210 2105 1219 2138 ΙΙ
1234 2113 1339 2131 memor
1359 2104 1440 2130 simul

166 2138 270 2164 Daniel
283 2139 390 2171 primus
403 2139 412 2171 ΙΙ
428 2137 603 2164 uidicandum
619 2138 648 2163 F
660 2139 668 2171 ΙΙ
685 2141 717 2164 14
737 2138 837 2165 dixerit
853 2139 954 2164 Daniel
965 2140 1073 2172 primus
1087 2140 1096 2173 ῙΙ
1112 2143 1144 2165 15
1160 2150 1207 2166 Noc
1225 2141 1261 2166 M
1274 2142 1282 2173 Η
1297 2140 1440 2173 discriptio

167 2173 196 2199 F
212 2174 222 2207 ΙΙ
244 2173 439 2207 exageratione
460 2173 492 2198 N
522 2173 782 2207 exagenerationem
803 2174 828 2200 L
857 2174 1044 2206 egei-ationem
1064 2175 1097 2201 H
1117 2176 1126 2208 ΙΙ
1149 2176 1185 2202 ad
1204 2176 1345 2210 placidum
1365 2184 1439 2208 supr.

167 2217 232 2235 vers.
253 2217 367 2235 suauem
387 2209 460 2243 quod
480 2209 591 2242 placeat
618 2209 745 2235 omnibus
769 2209 935 2236 animalibus
958 2210 982 2235 T
1007 2211 1016 2243 ss
1044 2212 1080 2237 acl
1105 2211 1257 2244 carpebant
1279 2220 1354 2244 supr.
1373 2220 1440 2236 vers.

167 2244 267 2270 sensim
286 2245 438 2271 trahebant
459 2245 483 2270 T
495 2246 504 2278 ΙΙ
518 2248 551 2270 20
571 2245 686 2271 aethera
700 2245 853 2271 FNHM:
873 2253 994 2278 aequora
1013 2246 1038 2271 L
1057 2249 1080 2272 et
1099 2247 1265 2279 erenzplaria
1285 2247 1414 2279 impressa
1440 2248 1441 2251 ’

168 2283 199 2306 21
220 2281 257 2306 acl
281 2280 430 2306 volvuntur
449 2290 468 2306 s.
488 2280 505 2306 l.
526 2281 556 2306 'in
575 2289 659 2314 marq.
681 2278 790 2306 noete'm
811 2302 815 2306 .
837 2302 842 2306 .
864 2303 869 2307 .
892 2282 956 2306 sunt
978 2281 1002 2306 T
1027 2282 1036 2315 ΙΙ
1063 2291 1146 2308 mmm
1166 2282 1196 2308 F
1220 2283 1229 2316 ss
1257 2285 1290 2308 23
1311 2282 1347 2308 acl
1365 2283 1441 2308 tacet

166 2324 241 2348 supr.
262 2324 327 2342 vers.
347 2316 412 2342 silet
430 2315 622 2342 metonimicos
640 2316 664 2341 T
676 2317 685 2349 ΙΙ
704 2319 737 2342 ‘26
757 2317 794 2343 ad
809 2317 837 2342 at
855 2326 881 2343 n.
897 2316 914 2342 i.
931 2325 954 2342 a.
970 2325 1045 2350 supr.
1062 2326 1126 2344 vers.
1146 2317 1291 2344 antithesis
1364 2317 1439 2343 iuue—

167 2351 209 2377 nis
231 2351 255 2377 T
267 2353 276 2385 ΙΙ
291 2351 462 2378 anthethesis
483 2351 513 2378 F
523 2353 532 2385 ΙΙ
547 2352 679 2385 scythyae
698 2352 728 2378 F

1473 682 1503 703 10

1466 1217 1499 1239 ‘20

1465 1485 1498 1508 25
