1690 2611
477 119 590 147 COMM.
611 119 649 146 IN
668 118 774 146 VERG.
795 118 877 146 AEN.
899 119 944 145 IV.
966 121 1114 146 595-608.
1369 118 1433 149 569

248 203 321 235 605.
358 211 468 235 FOROS
491 202 639 234 tabulata
661 200 807 241 navium,
838 201 878 232 ab
903 212 940 232 eo
969 201 1054 242 quod
1082 201 1224 232 incessus
1253 200 1373 232 ferant:
1402 202 1434 231 et

159 259 210 288 est
233 257 359 299 generis
383 256 562 296 masculini,
585 255 710 286 numeri
733 256 862 285 tantum
886 254 1031 295 pluralis.

248 311 322 342 606.
360 319 430 342 CVM
464 317 602 341 GENERE
635 316 818 339 EXTINXEM
853 310 958 338 atrum
991 318 1077 339 amne
1110 318 1219 348 glenus,
1256 319 1297 339 an
1331 309 1434 339 morte

159 364 287 395 Aeneae
311 366 343 395 et
366 363 508 404 Ascanii,
531 362 677 403 quoniam
700 361 764 392 illis
787 361 927 392 extinctis
950 361 1114 392 interitura
1135 371 1208 401 qens
1231 363 1331 393 onmis
1354 364 1434 393 esset.

159 420 192 449 et
221 420 271 449 est
300 428 440 459 syncope
470 415 652 448 ‘extiment'
678 426 737 455 pro
766 413 1001 446 ‘extimissem'.
1093 428 1194 446 mmm
1221 424 1329 447 SVPER
1357 424 1434 447 IPSA

160 479 334 502 DEDISSEM
355 470 433 502 satis
453 470 617 501 amatorie.
654 479 728 500 sane
752 467 833 499 ‘sese'
858 478 926 499 eum
945 468 1075 499 dicimus
1098 468 1208 499 ultima
1226 469 1344 508 syllaba
1362 479 1434 509 pro-

159 525 294 565 ducitur,
323 527 358 555 ut
386 524 538 564 Vetyilius
568 522 650 563 <XII
677 522 761 562 390>
792 532 937 563 seseque
968 522 1006 552 in
1037 521 1133 552 bella
1164 523 1372 559 remittant,-
1403 525 1435 553 a!

158 588 227 609 vero
251 588 318 609 mim
339 577 524 617 mof'erinms
549 575 687 607 ‘memet’
712 578 739 606 et
763 574 864 616 ‘fute’,
892 575 1019 606 ultimae
1047 575 1145 606 breves
1167 578 1253 606 sunt.-
1276 576 1436 607 Lueretius

159 632 194 671 <I
222 632 303 672 102>
327 633 489 670 utrmnque
515 630 609 662 simul
644 632 795 661 tutemet
826 640 845 660 a
878 629 981 660 nobis
1013 630 1087 661 iam
1119 630 1249 669 quovis
1282 633 1437 670 tempore

159 687 289 716 vatum.
335 694 412 724 quas
429 684 603 724 particulas
626 683 731 714 volunt
754 693 813 714 non
843 683 925 714 nulli
952 683 1126 723 siqnifieare
1153 684 1313 723 quiddam,
1340 686 1375 714 nt
1397 684 1437 715 sit

160 737 297 770 ‘memet'
320 748 367 769 me
389 739 499 779 ipsum,
524 736 613 769 ‘tute’
639 740 671 768 tu
695 738 766 777 ipse.
812 737 871 768 alii
893 739 1007 775 autem,
1031 738 1111 777 qnod
1133 738 1232 777 maffl's
1254 738 1435 777 seqzwmlmn

159 795 211 833 est,
235 794 421 824 excrementa
445 791 551 822 comici
575 791 684 831 leporis
703 790 896 821 existimant:
920 800 994 821 nam
1016 790 1174 821 Terentius
1192 791 1267 821 dicit
1290 793 1437 822 tutemet

160 845 355 882 mirabere,
381 846 412 876 id
434 847 477 876 est
500 847 539 876 tn.

248 899 320 930 607.
358 907 422 930 SOL
456 898 521 929 iam
555 897 658 928 utitur
692 897 983 938 inprecationibus,
1021 897 1081 928 hoc
1115 901 1165 929 est
1197 898 1436 930 devotionibus:

160 952 242 984 unde
268 954 300 983 et
324 950 488 983 ‘devotor’
514 953 546 982 et
569 950 749 982 ‘devotrix'
779 951 898 982 dicitur
921 951 975 992 qui
1000 951 1192 992 inprecatur.
1239 963 1304 983 non
1329 954 1437 984 autem

160 1006 334 1038 ‘terrarum
358 1004 525 1046 flammis’‚
550 1004 606 1036 sed
630 1004 744 1046 ‘opera
768 1004 951 1036 terrarum'.
999 1007 1031 1036 et
1061 1005 1142 1036 bene
1166 1006 1296 1038 invocat
1321 1006 1438 1048 Solem,

163 1060 213 1091 cui
238 1071 334 1101 supra
359 1060 443 1100 <58>
467 1070 525 1100 per
547 1069 667 1089 numen
691 1058 799 1089 Liberi
823 1058 1024 1090 sacrificavit.

248 1113 321 1145 608.
358 1120 550 1144 INTERPRES
575 1121 741 1143 CVRARVM
765 1114 821 1143 aut
846 1123 925 1154 quas
950 1113 1070 1153 patior,
1099 1113 1134 1144 id
1155 1116 1198 1145 est
1226 1124 1365 1145 mearum
1388 1124 1437 1145 eu·

159 1177 285 1198 rarum:
310 1169 367 1198 aut
390 1166 584 1208 generaliter
608 1176 758 1197 curarum
784 1166 1005 1207 coniugalium
1030 1166 1198 1207 interpres,
1222 1167 1284 1198 hoc
1307 1169 1356 1198 est
1376 1178 1437 1198 me-

160 1220 213 1252 dia
245 1222 277 1251 et
315 1220 529 1251 conciliatrix:
566 1219 677 1251 Cicero
716 1220 857 1262 quique
894 1221 1131 1261 interpretes
1169 1221 1438 1262 corrumpendi

161 1274 299 1305 iudicii
324 1274 453 1305 solent
477 1285 573 1312 esse,
597 1274 632 1305 id
653 1276 696 1305 est
718 1275 818 1306 medii.
864 1274 922 1306 alii
946 1273 1123 1314 ‘interpres'
1148 1275 1237 1312 testis,
1262 1275 1364 1316 iader,
1388 1286 1437 1306 ar-

161 1328 241 1359 bitra
264 1328 426 1367 accipiunt.
471 1338 545 1359 sane
569 1326 746 1368 ‘interpres’
776 1329 851 1368 qnid
872 1328 913 1359 sii
939 1329 1103 1359 secandum
1131 1331 1238 1360 veteres
1265 1329 1328 1369 ipse
1351 1339 1437 1368 eapo-

161 1381 223 1412 suit
244 1381 368 1412 dicendo
401 1380 568 1412 ‘conseia':
591 1383 700 1412 veteres
729 1382 810 1412 enim
838 1382 1030 1422 inteipretem
1053 1382 1206 1413 conscium
1233 1384 1261 1413 et
1287 1384 1437 1414 auctorem

161 1434 314 1466 dicebant:
339 1434 473 1466 Plautus
496 1435 530 1465 in
553 1434 650 1465 milite
673 1433 741 1474 <IV
765 1436 791 1475 1,
812 1435 853 1474 5>
878 1445 968 1474 qaae
991 1434 1082 1466 mihi·
1105 1435 1269 1466 condicio
1292 1446 1383 1466 nova
1407 1438 1439 1466 et

162 1488 352 1519 luculenta
376 1488 536 1527 offertur
554 1498 621 1528 per
646 1490 677 1519 te
704 1488 948 1528 interpretem.
994 1489 1073 1520 idem
1101 1489 1135 1520 in
1160 1488 1342 1520 Curculione
1370 1489 1437 1528 <III
1458 1496 1472 1515 ι

237 1588 248 1611 1
270 1584 398 1611 ‘tabulata
417 1605 422 1610 .
439 1605 445 1611 .
463 1605 468 1610 .
488 1585 591 1619 ferant]
613 1593 697 1611 exscr.
718 1584 782 1611 Isid.
803 1594 841 1612 or.
863 1585 925 1611 XIX
945 1588 970 1617 2,
990 1588 1014 1611 2.
1048 1585 1081 1611 cf.
1102 1593 1140 1612 or.
1161 1585 1212 1611 XV
1232 1589 1255 1618 6,
1275 1588 1290 1611 8
1310 1588 1318 1620 ΙΙ
1338 1589 1353 1612 6
1373 1595 1439 1612 sane

164 1629 222 1647 sese
243 1629 265 1647 e.
280 1629 305 1653 q.
322 1620 355 1655 s.]
377 1620 410 1646 cf.
430 1620 515 1647 Prisc.
536 1620 585 1646 XII
602 1623 634 1646 23
652 1630 710 1654 sqq.
731 1622 753 1654 (I
772 1630 798 1655 p.
815 1624 874 1654 590,
891 1624 923 1647 26
940 1630 998 1654 sqq.
1014 1621 1058 1654 H.)
1078 1623 1107 1647 et
1126 1621 1194 1648 Don.
1217 1621 1252 1647 ad
1272 1621 1334 1648 Ter.
1355 1622 1437 1648 Andr.

164 1656 199 1682 IV
221 1660 244 1689 3,
266 1659 297 1682 12
317 1657 326 1689 ΙΙ
350 1659 380 1682 12
401 1656 557 1691 Terentius]
578 1657 672 1683 heaut.
691 1656 717 1682 II
737 1660 761 1690 3,
783 1660 832 1683 133
852 1658 860 1690 ΙΙ
882 1660 915 1682 20
936 1656 1042 1690 Cicero]
1063 1656 1092 1682 in
1112 1657 1188 1683 Verr.
1207 1658 1260 1683 act.
1280 1657 1292 1682 I
1313 1660 1358 1690 12,
1378 1661 1411 1684 36
1431 1659 1439 1691 Η

163 1695 197 1718 24
215 1692 330 1718 Plautus
350 1692 378 1717 in
398 1692 498 1726 milite]
529 1692 610 1725 ‘quae
635 1692 688 1718 tibi
711 1692 835 1719 conditio
859 1701 932 1719 nova
958 1693 1100 1718 luculenta
1118 1692 1205 1719 fertur
1224 1701 1273 1727 per
1292 1702 1336 1719 me
1355 1693 1438 1720 inter-

162 1728 281 1762 pretem’
298 1729 307 1761 ΙΙ
322 1730 354 1753 25
369 1727 397 1753 111
413 1727 589 1762 Curculione]
612 1728 697 1761 ‘quod
716 1729 744 1754 te
763 1730 910 1762 praesente
929 1728 993 1754 istic
1013 1728 1057 1762 egi
1072 1730 1155 1762 teque
1171 1729 1333 1762 interprete’

238 1820 250 1843 1
271 1826 351 1843 roms
371 1817 403 1843 Η
419 1818 428 1850 ΙΙ
451 1820 466 1843 2
486 1817 594 1843 numeri
612 1817 735 1852 tantum]
755 1817 847 1844 11011111
867 1818 925 1844 effu
948 1817 977 1843 F
996 1818 1005 1851 ΙΙ
1028 1820 1043 1843 3
1064 1827 1214 1844 Ex‘rmxxi-:n
1234 1818 1268 1844 H
1293 1828 1438 1845 nx'rmcsen

164 1852 199 1878 M
217 1853 226 1886 ΙΙ
249 1853 286 1879 ad
309 1861 372 1878 cum
394 1861 495 1886 genere
516 1862 538 1878 e.
558 1861 632 1886 supr.
652 1861 718 1879 vers.
739 1853 870 1887 quoniam
890 1853 946 1879 illis
966 1852 1096 1879 extinctis
1115 1852 1262 1880 interitura
1281 1863 1347 1888 gens
1367 1856 1440 1881 esset

163 1890 192 1914 et
211 1888 320 1914 extinxe
340 1896 390 1922 pro
410 1888 586 1914 extinxissem
609 1889 633 1914 T
652 1890 661 1922 ΙΙ
685 1898 719 1915 an
740 1890 829 1915 morte
849 1897 951 1915 aeneae
972 1891 1001 1915 et
1019 1890 1061 1915 est
1079 1888 1211 1923 sincophe
1231 1889 1363 1923 quoniam
1381 1890 1439 1917 illis

164 1923 293 1950 extinctis
313 1923 441 1950 interitus
460 1932 545 1958 agens
565 1924 653 1950 omnis
673 1926 746 1951 esset
765 1926 793 1951 et·
812 1925 968 1951 extincxem
987 1933 1037 1958 pro
1058 1925 1235 1951 extinxissem
1256 1925 1291 1952 F.
1318 1927 1439 1953 ordinem

164 1959 315 1985 emendavit
335 1959 489 1986 BIaszieius
503 1960 512 1993 ΙΙ
527 1963 541 1986 6
562 1960 680 1986 amatori
695 1960 725 1986 F
751 1961 886 1987 amotorie
901 1961 934 1986 H
945 1961 954 1994 ΙΙ
968 1969 1028 1986 sese
1048 1969 1111 1987 cum
1130 1960 1440 1989 (1101111110..’ῡ111;011101;

164 1995 299 2021 mirabere
318 1994 347 2020 id
367 1996 408 2021 est
426 1996 457 2021 tu
476 1996 507 2021 in
525 2004 610 2029 mavy
629 1996 751 2029 Τ11011111
771 1996 900 2031 dicimus]
921 1995 1070 2022 indicimus
1090 1996 1120 2021 F
1131 1997 1140 2030 ΙΙ
1155 1999 1169 2022 7
1189 1998 1220 2023 ut
1239 2005 1288 2023 om.
1301 1997 1331 2023 F
1342 1999 1351 2031 ss
1365 1998 1439 2024 bello

1458 689 1490 712 10

1459 957 1490 979 15

165 2030 194 2056 Γ
205 2032 214 2063 ΙΙ
229 2033 244 2056 8
264 2030 364 2056 ultima
382 2030 412 2056 F
423 2031 432 2064 11
448 2034 462 2057 9
482 2032 601 2057 tutemet
620 2032 739 2058 tutemet
756 2032 780 2057 T
792 2033 801 2065 ΙΙ
816 2032 897 2066 qfiuis
914 2032 943 2058 F
954 2033 963 2066 ss
979 2035 1011 2058 10
1030 2032 1139 2066 uatum]
1160 2033 1259 2058 untum
1275 2032 1305 2058 F
1327 2035 1437 2060 euntem
1467 2059 1469 2061 ,

167 2066 190 2091 Τ
206 2067 215 2100 ΙΙ
240 2065 353 2099 quidam
374 2065 404 2091 F
424 2067 433 2100 ΙΙ
458 2070 488 2092 11
509 2068 541 2092 tu
559 2066 619 2100 ipse
638 2068 698 2093 tute
722 2067 745 2093 T
765 2069 774 2101 ΙΙ
797 2069 890 2094 autem
910 2076 959 2094 om.
983 2067 1008 2092 Τ
1027 2068 1036 2101 Η
1061 2070 1093 2093 14
1112 2068 1164 2094 hoc
1184 2069 1227 2094 est
1244 2068 1438 2095 deuotionibus

163 2110 213 2128 om
232 2101 266 2133 L,
285 2110 359 2135 supr.
379 2110 445 2129 iers.
466 2103 528 2128 add.
549 2103 558 2128 l
577 2103 586 2136 ΙΙ
610 2102 835 2130 deuotationibus
855 2103 963 2129 NHM
982 2103 992 2136 ΙΙ
1017 2106 1048 2128 15
1068 2103 1215 2130 deuotator
1233 2106 1262 2130 et
1281 2104 1440 2131 denotati-ix

164 2145 235 2170 quae
255 2137 415 2171 inprecatur
436 2138 471 2163 M
488 2139 497 2171 ΙΙ
516 2138 563 2172 qui
581 2139 752 2173 inprecatur]
773 2148 858 2172 quum
877 2141 1026 2172 praecatm
1044 2139 1082 2170 H,
1101 2147 1151 2166 om.
1173 2140 1209 2165 M
1226 2141 1235 2173 Ι]
1257 2143 1288 2166 16
1309 2142 1338 2167 et
1357 2141 1437 2181 bene]

164 2173 236 2199 bene
255 2173 349 2199 autem
371 2174 405 2199 M
419 2174 428 2207 ΙΙ
444 2176 474 2199 17
496 2173 552 2208 0111]
573 2182 635 2200 cum
655 2174 684 2199 F
696 2174 705 2207 ΙΙ
719 2183 819 2200 nomen
838 2174 868 2200 Ι
879 2175 889 2207 ΙΙ
904 2174 1025 2200 sacrauit
1043 2174 1075 2200 Η
1087 2175 1095 2207 ΙΙ
1110 2178 1144 2201 20
1164 2175 1334 2202 consiliatrix
1354 2176 1389 2209 F,
1408 2177 1439 2202 in

164 2216 215 2242 quo
234 2209 298 2235 haee
316 2209 460 2235 adduntur
478 2217 547 2242 qucae
565 2209 669 2235 Daniel
687 2218 741 2236 non
763 2210 848 2236 edidit
871 2211 898 2236 et
922 2209 992 2236 bene
1016 2209 1113 2236 iunoni
1136 2210 1203 2244 qnia
1227 2220 1310 2245 supra
1331 2211 1440 2238 dixerat

165 2244 262 2271 iunoni
281 2246 344 2270 ante
364 2245 453 2270 omnis
473 2244 517 2271 cui
532 2245 561 2270 et
574 2244 682 2284 relique.
695 2246 726 2279 l]
719 2255 747 2271 111
762 2245 970 2279 corrumpendis
985 2245 1095 2272 iudiciis
1111 2246 1140 2271 F
1153 2248 1162 2280 Ι]
1176 2249 1207 2272 21
1224 2247 1337 2280 quidam
1353 2247 1438 2273 intei—

164 2287 228 2313 pres
247 2280 326 2306 testis
345 2279 428 2306 iudex
448 2281 476 2306 et
495 2280 600 2306 arbitra
619 2280 786 2314 accipiunt·
831 2282 940 2314 ,teque
959 2281 1110 2315 interprete
1129 2283 1160 2308 in
1179 2291 1263 2315 marff.
1288 2282 1312 2307 Τ
1327 2283 1336 2316 ΙΙ
1354 2284 1439 2309 testes

165 2315 195 2340 F
207 2317 215 2348 ΙΙ
230 2318 263 2341 23
284 2315 405 2350 conscia]
426 2318 524 2342 consta
538 2315 567 2342 F
579 2317 588 2350 ss
603 2316 739 2343 eonstium
756 2317 785 2342 F
796 2317 806 2350 ΙΙ
820 2319 854 2342 24
873 2317 955 2351 quae]
977 2326 1032 2350 qua
1046 2317 1076 2343 F
1087 2318 1096 2351 ΙΙ
1110 2320 1143 2343 25
1164 2318 1306 2344 luculenta
1324 2318 1348 2343 Ί
1363 2318 1439 2345 111011-

164 2351 259 2377 lenior
279 2351 308 2377 F
333 2351 502 2378 luculentior
520 2351 623 2378 Daniel
638 2353 747 2386 primus
761 2354 770 2387 ss
785 2353 888 2379 ofertor
908 2352 938 2378 F
963 2353 1075 2379 offertor
1098 2353 1121 2378 T
1132 2355 1140 2387 ΙΙ
1155 2362 1220 2387 piae
1240 2354 1268 2379 te
1288 2354 1317 2380 κ
