1690 2611
253 87 353 113 Lxxu
385 79 390 89 ⁴
494 91 500 96 ·
781 85 995 113 PRAEFATIO.

252 171 339 200 tores
364 169 534 209 pontifices
560 168 662 200 dictos
687 179 771 209 esse,
794 167 1013 200 Mommsenus
1035 166 1160 210 (Roem.
1176 166 1312 200 Staatsr.
1328 167 1373 200 IIl
1396 180 1426 210 p.
1445 170 1526 201 1021

254 222 359 254 adnot.
384 221 419 262 4)
451 232 523 252 eum
552 232 675 252 morem
705 221 745 252 ad
770 232 887 253 annum
913 220 977 252 375
1008 221 1166 252 mansisse
1197 221 1319 263 docuit,
1350 233 1412 263 quo
1444 234 1528 254 anno

253 274 429 307 Gratianus
454 275 631 316 imperator
655 275 758 306 factus
788 274 954 315 pontificis
970 286 1086 306 nomen
1102 274 1293 315 repudiavit.
1336 286 1528 317 quamquam

252 329 327 361 nolo
354 340 390 360 ex
417 340 453 360 ea
476 340 510 359 re
535 328 572 359 de
596 328 698 369 ipsius
719 328 946 360 commentarii
967 330 1112 369 tempore
1128 328 1345 360 coniecturam
1368 329 1450 360 fieri:
1475 340 1530 370 po-

252 384 317 414 test
348 382 433 413 enim
467 382 698 423 grammaticus
731 382 816 423 quod
845 382 968 413 iuvenis
1000 393 1089 413 more
1113 383 1277 422 receptum
1307 393 1375 413 esse
1405 382 1530 414 viderat

253 447 367 477 parum
393 438 539 467 accurate
569 436 608 467 acl
632 436 818 467 inferiorem
844 437 984 466 aetatem
1008 436 1225 467 transtulisse.
1267 447 1342 466 nam
1371 446 1529 467 commen-

252 489 371 521 tarium
397 489 524 530 aliquot
549 489 641 520 annis
666 490 741 530 post
766 489 921 530 scriptum
947 500 1016 520 esse
1039 489 1127 520 haud
1152 489 1217 520 scio
1243 500 1283 520 an
1307 488 1358 520 his
1383 489 1529 520 ostenda-

253 546 305 574 tur
330 554 410 584 quae
431 543 469 574 ad
495 542 573 574 Aen.
588 542 651 573 VII
668 542 732 573 604
758 541 845 573 ‘sive
866 541 956 573 Getis
980 542 1098 573 inferre
1124 553 1219 573 manu
1244 542 1443 573 lacrimabile
1463 542 1528 573 bel-

252 596 336 627 ]um'
370 597 533 637 adscripta
558 597 632 627 sunt
657 595 807 627 Getarum
837 596 905 635 fera
932 606 1007 636 {sens
1039 597 1151 627 ctiam
1181 596 1266 636 (11ch
1294 596 1426 627 maiores
1453 596 1530 635 fult:

253 661 348 691 quae,
373 661 445 681 011111
470 649 596 681 Gothos
622 649 680 680 illa
705 650 812 680 aetate
837 648 936 680 Getas
967 660 985 680 a
1009 660 1074 681 11011
1098 649 1197 680 11111113
1222 649 1325 680 dictos
1357 660 1426 680 esse
1455 660 1528 681 0011-

254 705 330 743 stet,
356 703 395 734 ad
420 702 535 733 Italica
552 702 675 733 Alarici
691 701 776 732 bella
800 702 961 742 pertinere
986 712 1050 733 non
1075 702 1143 733 sine
1165 702 1273 744 aliqua
1296 702 1529 744 probabilitate

254 756 398 788 conicere
423 756 542 787 videor.
586 758 727 805 ceterum
751 755 836 786 haud
856 755 967 796 paucis
990 755 1070 786 locis
1092 755 1221 787 Servius
1246 758 1390 788 veterum
1414 756 1529 788 Roma-

252 821 370 841 norum
396 820 501 840 mores
527 811 559 840 et
583 809 735 840 instituta
760 811 792 840 et
816 809 1028 840 caerimonias
1058 809 1103 840 ita
1131 810 1408 851 commemoravit,
1432 811 1469 841 ut
1492 821 1529 840 ea

253 876 311 895 sua
335 863 433 894 etiam
459 864 565 894 aetate
590 862 755 893 observari
780 862 947 903 dicei-eff),
979 862 1033 893 sed
1057 862 1141 893 nihil
1166 863 1239 894 inde
1264 863 1409 894 concludi
1434 874 1529 904 posse

251 919 386 959 apparet
411 917 473 948 nisi
499 918 573 948 aute
598 918 743 947 veterum
768 915 1014 946 eonsuetudines
1045 917 1076 946 et
1101 916 1272 957 religiones
1302 916 1396 957 plane
1427 916 1527 947 aboli-

251 973 301 1002 tas
327 971 419 1001 illum
444 968 612 1011 vixissefl)
648 981 687 1000 110
713 969 793 1000 illud
813 969 941 1010 quidem
962 969 999 1000 ad
1017 969 1240 1001 commentarii
1259 971 1386 1010 tempus
1412 980 1528 1011 cogno-

252 1024 404 1056 scendum
438 1024 612 1065 quidquam
644 1022 796 1054 utilitatis
828 1022 928 1054 habet
962 1023 1046 1063 quod
1078 1021 1206 1054 Servius
1240 1022 1278 1054 de
1311 1023 1529 1054 locutionibus

252 1077 445 1119 quibusdam
478 1079 510 1108 01
541 1076 666 1108 (110011(11
698 1078 753 1107 aut
785 1075 944 1107 scribendi
972 1076 1098 1117 legibus
1130 1076 1176 1107 ita
1206 1077 1332 1108 locutus
1364 1078 1413 1107 est
1437 1077 1528 1118 quasi
1557 1116 1559 1118 Ι

253 1142 328 1163 suae
353 1131 468 1162 aetatis
499 1131 649 1172 propriae
679 1131 801 1161 essent:
834 1129 924 1161 0111113
954 1129 1080 1170 generis
1118 1130 1242 1161 scholia
1272 1141 1309 1161 eo
1340 1131 1528 1171 plerumque

253 1187 401 1226 spectant
426 1187 461 1216 ut
486 1184 560 1226 quid
586 1184 782 1225 optimorum
807 1183 1000 1224 scriptorum
1030 1194 1090 1214 usu
1114 1185 1279 1224 receptum
1308 1185 1340 1214 et
1368 1194 1527 1225 gramma-

253 1240 392 1271 ticorum
418 1238 564 1270 doctrina
594 1237 767 1279 probatum
797 1237 839 1268 sit
863 1235 1055 1280 doceatur.³)
1100 1239 1211 1269 contra
1239 1237 1272 1268 in
1300 1237 1401 1278 ipsius
1427 1236 1528 1269 Servii

252 1304 398 1325 sermone
423 1291 581 1333 quaedam
606 1290 814 1322 inveniuntur
838 1301 933 1332 quae,
958 1291 1113 1331 quantum
1139 1291 1218 1332 scio,
1242 1291 1305 1322 11131
1325 1302 1343 1322 a
1364 1290 1527 1322 Macrobio

252 1349 283 1378 et
309 1346 428 1388 quinti,
452 1347 488 1377 ut
511 1345 652 1386 videtur,
678 1345 797 1376 saeculi
823 1344 1036 1385 scriptoribus
1056 1354 1120 1375 11011
1141 1346 1216 1376 311111
1240 1345 1403 1385 usurpata.
1426 1344 1527 1376 veluti

252 1400 337 1442 quod
362 1399 492 1431 Servius
517 1401 552 1430 ut
576 1399 685 1430 deesse
702 1398 821 1439 aliquid
838 1397 1036 1439 significaret
1051 1398 1178 1439 saepius
1194 1398 1276 1429 dixit
1300 1397 1417 1429 ‘minus
1440 1397 1529 1439 esse',

251 1454 334 1485 idem
366 1454 449 1495 apud
482 1453 684 1484 Macrobium
713 1450 795 1494 (Sat.
825 1451 839 1482 Ι
868 1451 903 1492 4,
931 1450 965 1493 5)
1002 1450 1130 1492 legitur.
1177 1451 1528 1492 plusquamperfectum

251 1510 379 1548 tempus
404 1518 462 1548 pro
487 1507 630 1548 perfecto
651 1506 700 1537 vel
716 1505 905 1546 imperfecto
921 1505 1077 1546 positum,
1102 1504 1188 1546 quod
1202 1505 1236 1536 in
1250 1504 1415 1546 personati
1430 1504 1528 1536 Asco-

251 1561 298 1592 nii
323 1561 513 1593 commentis
538 1560 702 1601 Madvigio
728 1559 898 1590 offensioni
922 1558 998 1599 fuit,
1022 1557 1100 1590 Aen.
1124 1558 1139 1589 I
1165 1558 1228 1590 698
1254 1557 1297 1601 (p.
1320 1558 1391 1600 196,
1419 1557 1472 1600 10)
1497 1559 1529 1590 01

253 1614 303 1645 III
327 1615 369 1646 64
394 1613 439 1656 (p.
464 1615 537 1655 348,
565 1614 633 1655 10),
658 1624 738 1654 quos
763 1612 852 1643 locos
879 1611 1017 1652 exempli
1046 1622 1142 1643 causa
1166 1623 1396 1653 commemoro,
1420 1612 1529 1643 habes.

253 1668 435 1699 Tricerberi
459 1679 591 1707 nomen,
616 1678 677 1708 quo
703 1664 868 1707 Zinkius4)
901 1667 1029 1706 praeter
1053 1664 1261 1707 Fulgentium
1292 1667 1324 1697 et
1353 1665 1528 1698 Vaticanos

253 1721 514 1763 mythographos
540 1721 640 1752 ullum
666 1720 818 1751 Latinum
843 1719 1035 1760 scriptorem
1065 1730 1157 1750 usum
1187 1730 1256 1750 esse
1280 1719 1426 1760 negavit,
1450 1719 1528 1750 Aen.

251 1775 265 1806 I
294 1775 354 1805 133
381 1786 419 1806 ex
444 1774 603 1816 Lipsiensi
634 1776 665 1804 et
690 1773 875 1804 Monacensi
899 1772 1033 1804 restitui
1076 1771 1126 1803 1113
1152 1783 1233 1813 quae
1257 1771 1386 1803 Servius
1410 1772 1488 1804 Aen.
1514 1773 1527 1803 I

255 1829 316 1859 180
342 1829 450 1869 posuit
474 1829 583 1860 merita
609 1837 830 1868 personarum,
855 1826 1045 1867 quibuscum
1075 1825 1212 1857 conferri
1240 1827 1377 1866 possunt
1406 1826 1485 1858 Aen.
1515 1826 1528 1857 I

254 1882 294 1912 7⁴5
322 1883 438 1913 meritis
462 1880 495 1923 (i.
520 1894 545 1913 e.
569 1879 761 1922 honoribus)
786 1879 953 1920 appellare,
978 1878 1098 1910 similia
1123 1881 1198 1910 sunt
1218 1890 1298 1920 quae
1318 1878 1528 1911 Forcellinius

253 1947 276 1966 s.
302 1946 328 1966 v.
358 1935 542 1967 ‘meritum’
575 1947 590 1966 0
620 1934 727 1966 codice
756 1932 982 1964 Theodosiano
1012 1931 1092 1963 VIII
1117 1932 1151 1973 5,
1176 1932 1195 1962 2
1224 1931 1322 1973 impp.
1351 1931 1465 1964 Arc-ad.
1497 1936 1529 1965 et

253 1988 376 2021 Honor.
401 1989 537 2029 protulit
562 1988 695 2020 ‘merita
724 1985 955 2028 negotiorum'.
999 1985 1063 2017 alia
1093 1996 1172 2026 quae
1202 1985 1262 2017 viri
1291 1985 1377 2018 docti
1401 1989 1530 2028 praeter

346 2119 369 2150 1)
390 2117 423 2143 (vs,
445 2117 565 2151 exempli
584 2116 676 2151 gratia
691 2116 757 2142 Aen.
779 2115 815 2141 lV
838 2117 901 2147 1673
926 2112 949 2139 V
971 2116 1029 2146 113,
1050 2116 1114 2146 662;
1135 2114 1199 2140 VIII
1220 2116 1283 2146 721;
1303 2121 1397 2148 georg.
1418 2113 1465 2146 ΙΙΙ,
1487 2116 1528 2140 24.

343 2158 368 2190 2)
388 2165 404 2181 11
426 2156 527 2183 Christi
549 2156 675 2182 ‹locu-ina
694 2156 760 2189 quin
782 2153 892 2181 Servius
912 2152 1019 2179 alienus
1039 2153 1123 2179 fuerit
1141 2162 1195 2180 non
1216 2154 1310 2188 potest
1329 2152 1459 2180 dubitari*
1493 2153 1527 2179 cf.

256 2197 321 2223 Aen.
344 2196 354 2221 1
376 2200 415 2223 79.
527 2198 552 2228 3)
575 2196 606 2222 cf.
628 2197 636 2221 1
662 2199 701 2228 14,
724 2198 782 2227 144,
805 2198 862 2226 147,
883 2197 942 2226 506,
964 2196 1027 2225 527;
1049 2194 1071 2219 ll
1092 2196 1144 2220 275
1164 2193 1198 2220 al.
1216 2209 1245 2212 —
1264 2193 1337 2226 quod
1357 2192 1425 2219 Aen.
1447 2193 1457 2218 Ῑ
1477 2196 1529 2219 480

254 2236 455 2269 grammaticus
476 2235 546 2262 dixit
566 2235 641 2269 pepli
663 2235 773 2261 nomine
794 2243 843 2260 sua
862 2235 954 2260 aetate
975 2233 1076 2259 multos
1097 2233 1188 2266 abuti,
1213 2233 1270 2259 eius
1290 2232 1330 2259 rei
1350 2232 1478 2266 exempla
1501 2231 1529 2259 in

253 2276 351 2303 lexicis
371 2277 549 2311 proferuntur
569 2284 601 2302 ex
622 2275 692 2302 libro
713 2275 746 2301 de
762 2274 826 2309 trig.
842 2276 894 2308 tyr.
911 2273 1010 2307 (XXII)
1025 2275 1053 2299 ct
1073 2280 1105 2298 ex
1125 2272 1241 2299 Ausonii
1266 2271 1384 2299 Mosella
1403 2274 1437 2305 (v.
1458 2273 1530 2305 419).

346 2318 373 2349 4)
394 2315 421 2342 in
443 2314 678 2342 comuwntatiouc
699 2315 732 2341 dc
752 2314 901 2348 Fulgentio
922 2314 1085 2347 mythologo
1105 2323 1130 2347 p.
1151 2316 1197 2346 40,
1218 2313 1310 2340 adnot.
1332 2315 1354 2338 4.
