1690 2611
451 102 564 129 COMM.
584 102 623 128 IN
642 101 748 128 VERG.
769 101 850 127 AEN.
872 102 891 127 ῐ.
912 105 1059 128 267—269.
1352 100 1393 130 99

116 186 199 216 hanc
223 185 395 216 historiam
420 184 496 215 ficta
520 185 608 224 sunt,
637 185 673 213 ut
697 182 776 213 illud
804 182 859 213 ubi
884 182 1001 213 dicitur
1026 181 1151 213 Aeneas
1176 182 1295 213 vidisse
1320 181 1394 213 Oar-

116 238 299 279 thaginem,
328 249 401 269 cum
425 249 496 268 eam
521 238 646 268 constet
674 238 749 266 ante
772 234 870 266 LXX.
895 246 995 266 annos
1024 235 1113 266 urbis
1137 235 1261 267 Romae
1291 235 1396 266 condi-

116 293 194 322 tam.
240 291 324 322 inter
348 291 507 322 excidium
536 301 610 321 vero
634 289 751 320 Troiae
781 291 813 320 et
841 291 949 320 ortum
977 288 1067 319 urbis
1091 288 1214 320 Romae
1244 289 1320 320 anni
1349 290 1395 320 in-

120 345 293 376 veniuntur
309 343 456 376 OCCXL.
529 351 719 375 COGNOMEN
740 351 822 373 IVLO
840 342 866 373 si
881 342 1011 382 proprie
1026 342 1218 383 loqueretur,
1236 353 1397 383 agnomen

120 398 248 438 diceret,
271 409 336 429 non
361 407 550 439 cognomen,
575 396 630 427 sed
654 396 759 437 magis
781 395 819 426 ad
842 395 1002 426 familiam
1022 395 1171 436 respexit,
1197 396 1274 442 quia
1293 396 1397 427 omnis
1418 412 1433 433 5

120 462 198 492 gens
222 441 306 482 Iulia
330 451 402 482 inde
428 451 587 492 originem
610 449 707 481 ducit.
754 449 890 480 dicimus
915 451 1023 480 autem
1048 451 1079 479 et
1100 460 1219 479 nomen
1243 449 1323 480 mihi
1348 452 1397 480 est

121 504 246 545 Cicero,
280 506 315 535 ut
343 502 578 545 Hecyraest
605 503 694 534 huic
722 513 857 534 nomeu
890 502 1058 542 fabulae,
1092 504 1124 533 et
1153 501 1330 543 Ciceronis,
1362 505 1398 534 ut

122 556 296 589 Sallustius
326 557 383 588 cui
412 567 549 588 nomen
579 555 792 587 oblivionis
822 555 1088 595 condiderant,
1118 557 1149 586 et
1173 554 1335 596 Ciceroni,
1363 559 1399 587 ut

122 611 183 642 cui
212 610 371 641 Remulo
402 619 612 650 cognomen
642 611 735 649 erat,
769 611 800 640 et
829 607 1030 648 Ciceronem,
1059 610 1095 639 ut
1124 608 1400 650 Aeneadasque

123 675 203 695 meo
228 675 362 695 nomen
385 663 427 693 de
450 663 603 694 nomine
626 662 745 703 fingo.
792 662 905 693 melius
929 664 1040 693 tamen
1064 663 1114 692 est
1139 661 1247 693 dativo
1271 662 1328 693 uti.

211 717 285 748 268.
323 730 391 748 ars
412 729 489 748 ERAT
513 717 593 747 deest
622 715 716 756 ‘qm'ss
746 716 847 747 debuit
869 718 971 746 (cutem
994 716 1090 746 dicere
1119 715 1187 755 ‘qm‘
1215 715 1284 747 Rus
1312 715 1401 746 erat'.

211 783 271 802 ILIA
289 780 350 811 pro
374 768 515 808 Iliensis,
539 772 574 801 ut
596 769 732 801 Plautus
751 769 889 800 Hector
913 769 1012 800 Ilius
1029 780 1089 809 pro
1108 768 1242 801 niensis.
1271 772 1298 800 et
1317 770 1401 800 Am-

120 823 287 864 phitryo,
311 825 420 854 natus
444 823 557 863 Aryc's
580 833 621 854 ex
644 823 742 863 Aryo
760 825 870 862 patre
890 823 923 853 id
945 825 988 853 est
1010 822 1135 862 Aryc'vo.

213 876 286 907 269.
326 889 461 908 mmmm
484 877 529 907 vel
557 877 638 916 quod
664 876 775 908 XXX.
799 878 919 906 tamma
947 886 1045 907 nmmos
1072 877 1222 916 remeavit,
1251 877 1296 907 vel
1325 876 1406 916 quod

121 930 196 962 Cato
229 930 288 967 ait,
321 929 440 960 XXX.
473 930 585 961 annis
622 930 778 969 expletis
815 939 893 959 enm
925 929 1060 960 Albam
1098 930 1314 961 condidisse.

122 991 265 1014 MAGNOS
290 991 397 1014 ORBES
422 983 486 1014 tria
510 985 585 1014 sunt
609 993 728 1024 genera
752 994 923 1013 annorum:
954 984 1010 1014 aut
1039 983 1124 1014 enim
1153 983 1276 1014 lunaris
1302 994 1403 1014 annus

125 1039 175 1068 est
189 1036 289 1068 XXX.
305 1036 440 1077 dierum,
456 1039 512 1068 aut
534 1037 717 1068 solstitialis
733 1036 804 1068 XII.
819 1047 977 1076 mensum,
999 1039 1055 1068 aut
1073 1036 1247 1068 secundum
1262 1037 1404 1067 Tullium

126 1100 276 1131 magnus,
300 1089 354 1130 qui
379 1092 468 1120 tenet
492 1082 800 1121 XTIDCCCCLHII.
821 1101 936 1135 annos,
960 1092 996 1120 ut
1019 1090 1053 1120 in
1073 1089 1250 1121 Hortensio
1271 1090 1405 1120 horum

125 1153 309 1174 annorum
334 1153 428 1183 quos
453 1142 489 1173 in
513 1143 629 1174 fastis
654 1142 838 1174 habemus
864 1153 1024 1184 magnus
1044 1135 1406 1174 XTIDCCCCLIIH.

126 1195 384 1237 amplectitur.
432 1195 494 1227 hoc
517 1207 594 1237 ergo
619 1196 689 1227 loco
719 1206 874 1237 magnum
904 1197 985 1227 dixit
1010 1197 1250 1237 comparatione
1274 1196 1405 1237 lunaris,

127 1252 158 1281 et
187 1249 265 1281 alibi
289 1249 437 1280 interea
465 1260 643 1291 magnum
672 1250 729 1281 sol
757 1250 1077 1281 circumvolvitur
1106 1262 1252 1281 annum.
1304 1260 1407 1281 annus

127 1305 236 1334 autem
261 1302 364 1333 dictus
390 1302 480 1343 quasi
506 1314 599 1343 anus,
629 1303 661 1334 id
687 1305 735 1334 est
760 1303 889 1343 anulus,
922 1303 1005 1344 quod
1030 1303 1063 1334 iu
1087 1315 1120 1334 se
1145 1304 1267 1344 redeat,
1299 1307 1334 1334 ut
1358 1306 1408 1334 est

128 1359 241 1398 atque
275 1356 312 1386 in
345 1367 383 1386 se
415 1367 481 1386 sua
511 1366 576 1396 per
607 1355 778 1396 vestigia
810 1356 981 1387 volvitur
1013 1368 1146 1397 annus,
1177 1357 1227 1387 vel
1257 1353 1320 1387 ἀπὸ
1348 1356 1410 1388 τοῦ

1422 679 1453 701 10

1424 951 1456 973 15

1427 1218 1460 1241 20

201 1464 214 1487 7
236 1461 355 1494 Hecyra]
377 1461 439 1486 Ter.
459 1461 518 1486 hec.
539 1461 608 1493 prol.
630 1465 641 1486 1
668 1461 676 1493 ΙΙ
700 1464 715 1486 8
736 1460 894 1494 Sallustius]
916 1461 979 1487 hist.
1001 1461 1098 1495 fragm.
1120 1461 1131 1486 I
1152 1464 1184 1487 75
1205 1461 1289 1487 Kritz.
1306 1462 1314 1494 ΙΙ
1330 1464 1344 1486 9
1366 1461 1410 1487 cui

129 1497 258 1530 Remulo]
281 1497 312 1522 A.
334 1496 371 1522 IX
391 1499 442 1522 590
457 1497 466 1529 11
480 1496 692 1529 Aeneadasque]
713 1496 744 1521 A.
760 1496 799 1521 ΠΙ
816 1498 846 1521 18
862 1497 871 1529 11
889 1500 918 1522 12
938 1496 1117 1530 Amphitryo]
1138 1496 1254 1523 Plautus
1270 1496 1409 1530 Amphitr.

130 1533 199 1565 prol.
219 1535 252 1557 98
276 1533 285 1565 ΙΙ
310 1535 341 1558 15
363 1532 442 1565 Cato]
468 1531 535 1564 orig.
556 1532 604 1557 rel.
624 1532 633 1557 l
657 1535 688 1557 13
709 1533 737 1557 et
756 1540 799 1564 ap.
820 1532 890 1557 lord.
912 1533 939 1557 et
958 1540 1002 1565 ap.
1024 1532 1081 1557 Pet.
1107 1533 1116 1565 ΙΙ
1142 1535 1172 1558 16
1197 1532 1253 1558 tria
1277 1535 1340 1558 sunt
1364 1541 1410 1565 ge-

130 1576 196 1593 nera
219 1576 240 1593 e.
259 1577 283 1600 q.
300 1567 332 1601 s]
359 1575 444 1593 exscr.
469 1566 532 1591 Isid.
559 1576 596 1593 or.
617 1567 641 1592 V
662 1570 708 1599 36,
731 1570 796 1592 1*νὸ
821 1568 830 1600 ΙΙ
855 1569 886 1592 18
914 1567 942 1593 111
968 1567 1130 1602 Hortensio]
1155 1567 1254 1601 fragm.
1280 1571 1313 1594 26
1338 1568 1382 1594 Or.
1402 1568 1411 1601 11

130 1606 161 1628 21
182 1603 301 1637 interea]
322 1604 353 1628 A.
375 1603 412 1628 ΙΙΙ
432 1605 483 1628 284
507 1603 515 1635 Η
539 1606 571 1628 23
592 1603 687 1636 atque]
708 1610 802 1636 georg.
818 1602 843 1627 ΙΙ
863 1605 913 1628 402

203 1704 216 1726 1
241 1700 316 1726 facta
340 1700 414 1725 KM
435 1701 444 1733 ΙΙ
467 1699 538 1725 illud
562 1708 678 1725 aeneam
707 1700 811 1726 uidisse
835 1700 861 1725 R
885 1702 893 1732 ΙΙ
917 1701 964 1726 ubi
988 1700 1059 1726 dixit
1082 1709 1197 1727 aeneam
1221 1701 1324 1726 uidisse
1351 1701 1386 1726 M
1404 1701 1412 1725 k'

132 1739 147 1762 2
169 1744 229 1762 eam
249 1743 298 1762 om.
318 1736 344 1761 B
363 1736 372 1769 ΙΙ
391 1735 439 1761 LX
458 1736 490 1761 K
505 1736 514 1769 ΙΙ
533 1735 645 1761 condita
664 1736 691 1760 B
710 1737 719 1769 Η
738 1739 754 1761 4
774 1735 887 1761 CCCLX
908 1736 940 1761 H
957 1735 1070 1762 CCCXL
1090 1736 1128 1768 L,
1148 1737 1200 1764 sedv
1213 1736 1260 1762 XL
1281 1737 1311 1762 in
1330 1744 1384 1762 rc18.
1404 1739 1406 1765 1

385 1786 399 1798 V

134 1809 148 1832 5
169 1806 205 1832 ad
224 1805 359 1832 familiam
382 1806 458 1832 iliam
479 1806 505 1831 L
519 1807 528 1840 ΙΙ
544 1810 558 1833 6
579 1806 647 1832 dicit
665 1807 696 1832 K
708 1807 716 1840 ΙΙ
733 1810 746 1832 7
767 1806 884 1839 hequira
902 1807 928 1832 B
956 1807 1067 1841 hetyira
1085 1808 1117 1833 K
1140 1807 1274 1842 he‘yeyra
1294 1807 1319 1832 L
1348 1807 1412 1833 hae>

134 1850 200 1875 cysa
218 1841 252 1867 H
267 1849 349 1875 ecyra
369 1842 404 1867 M
426 1842 435 1875 ΙΙ
459 1845 474 1868 8
494 1841 599 1868 obliuio
619 1842 652 1867 Η
669 1843 678 1875 Η
700 1842 876 1868 considerant
894 1842 920 1867 L
941 1844 1018 1876 (corr.
1040 1844 1057 1873 l)
1079 1844 1088 1877 ΙΙ
1112 1847 1127 1869 9
1147 1843 1253 1869 remulo
1274 1843 1349 1868 LH:
1369 1851 1412 1869 ro-

134 1877 210 1903 mulo
229 1877 328 1910 ‘reliqui
347 1877 356 1909 ΙΙ
377 1880 407 1902 11
429 1878 465 1902 ad
483 1885 506 1903 v.
528 1880 578 1904 268
598 1877 654 1903 11115
675 1877 745 1911 erat]
766 1878 845 1904 deest
864 1877 912 1910 qui
932 1899 937 1904 .
955 1901 959 1905 .
977 1900 982 1905 .
1002 1878 1119 1905 Iliensis.
1139 1878 1166 1904 P
1181 1880 1189 1912 ΙΙ
1211 1881 1241 1904 12
1262 1887 1312 1911 pro
1332 1878 1413 1904 Ilien-

135 1913 184 1947 sis]
210 1921 260 1946 pro
284 1912 430 1938 Iliensibus
454 1912 494 1937 C*
509 1913 612 1939 Dam'el
636 1914 644 1945 ΙΙ
667 1913 771 1938 Hector
794 1913 862 1938 Ilius
883 1913 935 1939 G*:
959 1914 1119 1940 hectoribus
1140 1914 1166 1939 P
1186 1915 1195 1947 ΙΙ
1219 1914 1344 1939 hiliensis
1364 1913 1391 1939 P
1406 1915 1414 1947 1,

134 1947 302 1981 Amphytrio
324 1946 346 1973 C'
366 1948 375 1980 11
399 1950 432 1972 14
451 1948 487 1973 ad
506 1957 530 1974 v.
546 1951 596 1974 269
617 1948 753 1982 Triginta]
775 1948 821 1974 uel
835 1949 910 1981 quod
930 1969 935 1974 .
952 1971 956 1975 .
975 1970 979 1974 .
1000 1949 1163 1976 condidisse.
1193 1949 1322 1983 Magnos]
1344 1949 1414 1974 dixit

135 1982 345 2017 comparatione
364 1983 468 2008 lunaris
488 1983 564 2016 anni,
584 1983 631 2016 qui
651 1985 694 2010 est
712 1983 789 2009 XXX
809 1983 929 2016 dierum,
949 1986 981 2010 ut
999 1985 1067 2011 alibi
1085 2006 1090 2011 .
1111 2005 1116 2010 .
1133 2006 1138 2011 .
1160 1994 1270 2011 annum.
1291 1985 1318 2010 P
1337 1985 1346 2018 ΙΙ
1370 1984 1414 2010 vel

136 2028 185 2045 om.
208 2018 247 2044 C*
271 2019 280 2052 ΙΙ
305 2021 336 2044 15
361 2018 462 2044 Albam
484 2017 536 2044 C*:
561 2019 626 2045 alba
650 2019 677 2044 P
695 2019 704 2052 11
730 2022 761 2045 16
786 2020 835 2045 aut
858 2020 942 2053 enim]
968 2022 1061 2046 autem
1081 2021 1113 2046 K
1133 2022 1142 2054 ΙΙ
1167 2024 1198 2046 17
1224 2028 1350 2046 mensum
1374 2020 1415 2045 B.-

136 2063 273 2089 mensium
284 2062 309 2088 L
324 2071 469 2088 mensuum
480 2063 587 2088 KHM
600 2063 609 2096 ΙΙ
625 2066 656 2088 18
667 2062 901 2089 XlIbCCCCLIIlI
916 2065 964 2090 M.-
980 2065 1170 2090 XLIbLHHB
1186 2064 1339 2091 XII.{>LIIII
1351 2063 1419 2089 ΚΗ

137 2107 310 2134 XIID.L.IIII
329 2107 355 2132 L
380 2106 468 2139 (milia
486 2115 617 2140 super-scr.
638 2108 656 2140 l)
680 2107 826 2133 duodecim
850 2107 929 2137 milia
951 2110 1106 2142 nongentos
1126 2108 1330 2142 quinquaginta
1350 2117 1415 2142 qua—

135 2145 198 2169 tuor
219 2142 241 2168 C
259 2143 291 2175 cf.
313 2143 349 2169 ad
368 2143 436 2168 Aen.
456 2142 496 2168 111
515 2145 566 2169 284
589 2143 598 2176 ΙΙ
622 2145 654 2168 19
681 2143 762 2168 iidem
787 2143 835 2168 hoc
863 2144 918 2169 loco
937 2145 1052 2172 numeri
1078 2145 1108 2170 in
1135 2145 1212 2170 libris
1236 2145 1283 2178 qui
1302 2152 1386 2177 supra
1407 2144 1415 2176 ἶἶ

138 2181 172 2204 20
191 2178 376 2211 amplectetur
400 2177 425 2203 L
452 2178 646 2211 complectitur
669 2178 734 2203 libri
760 2177 784 2202 Τ
785 2178 851 2203 (ισίΐί
875 2179 941 2204 dial.
964 2182 995 2205 16
1019 2180 1028 2213 ΙΙ
1050 2180 1166 2214 lunaris]
1195 2188 1263 2213 quae
1287 2180 1364 2205 addit
1391 2178 1418 2203 P

139 2213 204 2240 anni
230 2213 278 2246 qui
304 2214 347 2240 est
370 2213 446 2239 XXX
473 2213 579 2239 dierum
603 2221 658 2239 non
684 2213 783 2245 recepi,
807 2214 855 2239 etsi
878 2215 909 2239 in
929 2214 952 2239 C
973 2223 1004 2241 ea
1022 2216 1108 2241 deesse
1128 2215 1274 2249 Scioppius
1292 2223 1346 2240 non
1366 2214 1413 2240 ad-

138 2249 257 2281 notavit,-
285 2257 298 2275 e
321 2249 416 2275 Servio
440 2249 510 2274 euim
530 2249 619 2282 petita
641 2251 713 2274 sunt.
737 2249 745 2281 ΙΙ
769 2251 801 2274 21
831 2250 870 2283 et]
900 2251 931 2275 ut
953 2250 1039 2276 BMl
1062 2252 1071 2284 ΙΙ
1094 2254 1127 2277 22
1152 2251 1232 2285 anus]
1259 2258 1365 2276 annuus
1388 2249 1416 2274 B

140 2286 174 2317 cf.
199 2285 236 2311 ad
258 2285 326 2312 Aen.
346 2284 371 2309 V
391 2288 424 2310 46
448 2285 456 2318 ΙΙ
479 2284 508 2310 id
531 2285 583 2318 est]
609 2284 680 2310 unde
706 2284 734 2309 et
759 2283 781 2309 Ο
802 2284 811 2318 ΙΙ
835 2287 867 2311 23
894 2293 948 2311 auo
973 2296 1024 2312 Toy
1049 2294 1215 2313 axaseorc're
1238 2286 1308 2311 BM
1334 2292 1417 2311 noro-

140 2328 315 2354 fmaxeofeat
335 2320 367 2345 K
384 2330 437 2345 Ληο
457 2329 508 2345 ‘ror
529 2327 676 2347 anrowoeaex
696 2319 722 2345 L
742 2329 796 2345 Auo
818 2329 965 2347 ANOOICTEA
986 2322 1019 2346 H
