1690 2611
682 101 897 128 PRAEFATIO.
1351 102 1427 129 XVII

151 195 219 216 esse
249 184 472 216 ostenderetur
500 185 623 226 primus
653 183 737 225 quod
767 184 866 215 sciam
890 195 966 215 usus
993 186 1041 215 est
1066 184 1220 216 Albertus
1244 184 1338 215 Lion:
1373 185 1427 226 qui

151 239 210 270 etsi
240 250 258 270 a
282 238 469 270 Burmanno
499 238 622 278 accepit
646 236 792 269 Servium
816 237 960 268 Aeneida
989 238 1077 278 prius
1107 249 1204 278 quam
1228 238 1373 269 bucolica
1397 240 1429 268 et

150 292 301 333 georgica
325 293 576 324 commentatum
601 302 670 322 esse
695 291 746 331 (cf.
768 301 877 332 georg.
897 290 911 321 I
931 291 1009 330 4883
1034 290 1065 321 II
1089 291 1159 331 170,
1178 292 1257 332 4813
1282 291 1330 322 III
1350 291 1428 331 3893

149 345 197 377 IV
229 346 298 377 1⁶26.
346 346 415 377 bue.
444 344 507 376 VII
535 345 590 385 263
625 354 734 385 georg.
763 343 811 375 IV
841 344 900 375 101
932 344 1010 375 sicut
1039 344 1071 374 in.
1100 344 1241 375 bucolicis
1268 344 1428 387 diffinimus),

150 399 231 430 illud
256 401 366 430 tamen
385 399 454 440 ipse
473 398 670 438 observa-vit,
694 397 745 428 his
765 397 919 438 plenioris
940 397 1163 428 commentarii
1184 397 1263 428 locis
1284 398 1428 439 legentes

151 452 191 483 ad
215 463 253 484 ea
281 453 419 494 relegari
444 462 525 492 quae
550 451 589 482 ad
613 451 760 482 bucolica
785 453 817 482 et
841 451 993 492 georgica
1017 450 1171 481 adnotata
1197 454 1317 481 essent:
1349 451 1427 482 Aen.

149 505 164 536 I
189 506 261 547 744,
285 505 318 537 II
344 506 414 546 172,
438 504 487 536 III
510 504 585 546 420,
608 504 655 535 IV
678 505 753 545 462,
777 503 856 535 VIII
877 504 941 535 368
963 505 995 534 et
1015 504 1088 543 677,
1112 503 1157 534 IX
1178 504 1255 544 215,
1279 504 1324 534 XI
1345 504 1427 545 682)

151 570 214 600 qua
236 570 270 590 re
293 559 366 600 ipsa
389 558 470 590 nihil
495 558 623 599 quidem
647 558 805 599 probatur
829 557 891 588 nisi
917 568 954 588 ea
978 556 1139 588 Aeneidos
1165 556 1287 588 scholia
1312 558 1427 598 quibus

150 613 366 644 bucolicorum
392 614 423 644 et
448 611 673 654 georgicorum
698 613 881 643 commenta
910 610 1083 642 laudantur
1108 610 1147 641 ab
1172 610 1346 651 interprete
1372 611 1427 642 ali-

149 676 211 706 quo
237 666 357 706 scripta
381 676 451 697 esse
477 666 530 707 qui
555 666 666 697 eodem
692 665 802 697 ordine
822 664 960 706 Vergilii
981 664 1124 695 carmina
1146 665 1345 696 enarraverit
1365 676 1427 705 quo

149 719 269 760 scripta
298 717 418 761 sunt,²)
448 719 502 750 sed
532 730 596 750 non
626 719 716 750 deest
745 729 807 760 quo
836 717 991 759 plenioris
1016 718 1240 748 commentarii
1264 720 1427 749 auctorem

147 773 252 813 ipsum
278 783 405 814 quoque
425 784 444 803 a
463 771 608 804 Serviani
629 772 735 813 operis
757 771 970 812 dispositione
989 770 1161 802 recessisse
1181 771 1427 803 demonstretur.

147 837 222 857 nam
246 826 314 857 vita
337 828 452 867 poetae
478 837 573 867 quam
595 824 740 856 Servium
765 825 866 866 ipsius
891 824 1086 856 testimoniis
1113 827 1241 856 constat
1266 825 1426 856 Aeneidos

148 879 380 911 commentario
409 879 615 920 praemisisse
646 879 679 910 in
708 878 895 910 Cassellano
930 878 1051 909 omissa
1081 879 1143 909 est:
1178 889 1273 919 quam
1307 879 1426 910 bucoli-

146 943 257 963 corum
291 932 535 972 commentario,
569 933 658 963 euius
692 932 797 973 prima
828 943 903 972 pars
938 942 1009 962 cum
1042 931 1155 972 primis
1187 931 1426 964 Lemovicensis

146 985 234 1016 foliis
263 985 400 1026 interiit,
433 986 609 1026 praefixam
639 997 709 1017 esse
738 985 877 1016 conicio:
912 985 995 1026 quod
1026 985 1173 1016 consulto
1202 985 1324 1017 factum
1358 996 1426 1017 esse

146 1039 218 1069 inde
250 1039 452 1080 intellegitur
485 1039 570 1080 quod
599 1039 677 1070 Aen.
707 1039 721 1070 I
754 1040 767 1070 1
796 1037 839 1081 (p.
864 1038 897 1079 5,
930 1038 985 1080 14)
1016 1049 1074 1079 pro
1104 1039 1236 1080 vulgata
1266 1039 1427 1080 scriptura

145 1092 225 1123 sicut
247 1093 281 1124 in
299 1093 475 1132 praemissa
498 1093 563 1124 eius
585 1093 649 1124 vita
673 1095 877 1124 monstratum
901 1095 944 1124 est
967 1091 1046 1123 haec
1070 1092 1104 1123 in
1131 1092 1187 1123 illo
1214 1093 1297 1124 libro
1318 1093 1426 1134 posita

148 1147 224 1176 sunt
247 1146 326 1177 sicut
348 1147 382 1177 in
400 1147 576 1186 praemissa
601 1147 780 1178 narratione
803 1149 1007 1177 monstratum
1032 1149 1083 1177 est.

234 1199 306 1230 Duo
332 1199 455 1230 scholia
480 1200 506 1230 si
531 1199 688 1230 diversam
715 1200 783 1230 eius
799 1199 983 1240 Vergiliani
1004 1199 1066 1231 loci
1087 1199 1126 1230 ad
1147 1211 1242 1241 quem
1263 1200 1425 1241 adscripta

146 1253 212 1284 sint
236 1253 425 1284 memoriam
442 1254 618 1294 sequantur
637 1263 702 1283 non
717 1264 811 1293 posse
827 1253 969 1284 eiusdem
986 1263 1055 1284 esse
1080 1253 1266 1294 interpretis
1291 1265 1356 1285 non
1376 1257 1425 1285 est

146 1306 229 1347 quod
254 1317 410 1338 moneam.
458 1306 503 1338 sic
527 1305 641 1337 Aen.I
668 1307 730 1337 104
754 1306 944 1338 Danielinus
971 1307 1160 1338 scholiastes
1186 1306 1270 1338 ‘tum
1296 1319 1424 1348 proram

146 1359 280 1391 avertit’
309 1360 462 1400 praefert,
492 1359 621 1391 Servius
651 1359 735 1391 ‘tum
765 1371 861 1400 prora
891 1360 1024 1391 avertit'
1049 1361 1294 1401 interpretatum
1327 1361 1359 1391 II
1383 1361 1425 1392 30

146 1411 260 1443 ‘acies’
287 1413 409 1453 placuit
433 1412 557 1453 Servio,
587 1412 686 1444 ‘acie’
712 1413 806 1444 alteri
835 1413 1039 1444 scholiastae.
1086 1412 1118 1444 II
1142 1414 1206 1444 408
1232 1413 1425 1454 ‘periturus’

145 1464 286 1505 Servius,
312 1464 521 1497 ‘moriturus‘
547 1465 752 1497 Cassellanus
778 1465 917 1507 Vergilii
942 1477 1073 1497 manum
1099 1467 1255 1508 agnoscit.
1303 1467 1334 1498 II
1360 1468 1423 1498 686

149 1518 289 1549 ‘sacros'
331 1519 564 1560 interpretatur
598 1517 746 1558 servm,
780 1518 942 1550 ‘sanctos'
977 1519 1004 1550 is
1039 1520 1127 1551 cuius
1168 1520 1326 1551 scholium
1361 1532 1423 1551 uno

146 1570 333 1603 Cassellano
369 1574 532 1603 servatum
568 1573 626 1602 est.
672 1571 719 1602 III
749 1572 813 1603 670
847 1581 1015 1603 DEXTRAM
1039 1581 1244 1604 ADFECTARE
1277 1572 1424 1604 Serviani

144 1624 232 1665 libri,
270 1634 414 1656 DEXTRA
439 1634 470 1656 A.
495 1625 710 1656 Floriacensis
736 1627 768 1656 et
793 1624 1000 1657 Cassellanus
1025 1626 1057 1656 in
1082 1626 1235 1657 lemmate
1260 1626 1422 1657 exhibent.

234 1676 522 1709 Coniunctionibus
549 1678 665 1719 quibus
691 1677 815 1709 scholia
840 1678 1086 1710 Danielinorum
1112 1679 1268 1711 librorum
1292 1680 1421 1720 propria

145 1731 285 1773 vulgatis
310 1731 433 1763 adnexa
462 1743 531 1762 esse
561 1731 719 1771 videmus,
749 1731 863 1762 iisdem
889 1731 1019 1763 Servius
1044 1744 1121 1763 usus
1148 1734 1196 1764 est
1220 1733 1270 1764 vel
1296 1733 1335 1764 ad
1360 1744 1423 1764 me-

146 1785 319 1816 morabiles
348 1796 398 1816 res
428 1785 588 1816 addendas
618 1785 667 1816 vel
697 1785 737 1816 ad
763 1785 906 1816 diversas
932 1786 1111 1817 sententias
1136 1786 1345 1827 proferendas
1370 1787 1421 1817 vel

146 1838 184 1869 ad
214 1838 466 1870 continuandam
496 1839 730 1879 expositionem
760 1839 827 1869 sive
853 1839 1181 1880 argumentationem:
1215 1842 1251 1871 ut
1275 1840 1421 1871 Servium

146 1891 253 1931 ipsum
277 1891 303 1921 is
328 1891 382 1932 qui
407 1892 583 1932 pleniorem
609 1892 879 1923 commentarium
905 1892 1087 1933 composuit
1107 1893 1255 1924 videatur
1274 1893 1421 1924 imitatus

145 1955 222 1975 esse.
262 1955 455 1985 quamquam
479 1956 543 1976 non
569 1946 679 1977 eadem
704 1946 822 1987 ubique
847 1945 1017 1986 prudentia
1041 1946 1074 1977 in
1094 1957 1131 1978 ea
1152 1946 1335 1978 imitatione
1356 1957 1422 1977 ver-

146 1999 235 2028 satus
266 1999 324 2028 est.
361 2009 436 2028 nam
460 2000 496 2029 ut
520 1998 553 2030 in
576 2010 641 2030 non
664 1999 763 2030 nullis
788 1999 917 2030 illarum
943 2000 1206 2031 coniunctionum
1231 1999 1420 2031 adhibendis

220 2121 243 2153 1)
263 2120 328 2146 VIII
348 2124 397 2147 677
419 2120 453 2147 ad
474 2129 567 2155 georg.
588 2121 704 2155 111221,
725 2122 761 2147 IX
777 2124 828 2147 215
849 2121 883 2147 ad
903 2130 997 2156 georg.
1016 2122 1053 2148 IV
1074 2125 1124 2149 545
1145 2122 1320 2148 remittimur.
1358 2130 1419 2148 cnm

145 2159 254 2194 plenior
273 2161 466 2194 georgicorum
486 2161 701 2187 commentarius
720 2161 784 2187 inde
804 2169 821 2187 a
840 2162 858 2193 I,
879 2164 930 2188 ‘279
950 2162 1072 2196 perierit,
1092 2171 1146 2189 non
1166 2162 1264 2188 mirum
1286 2163 1328 2188 cst
1347 2161 1420 2194 quod

145 2200 173 2225 in
199 2200 302 2226 nostris
327 2200 531 2234 exemplaribus
556 2200 589 2226 de
612 2200 646 2226 iis
670 2200 752 2226 rebus
778 2209 846 2233 quas
866 2201 902 2227 ad
922 2201 985 2228 illos
1005 2202 1143 2228 Aeneidos
1163 2202 1237 2228 locos
1258 2201 1418 2227 scholiastes

146 2239 274 2273 exposuit
292 2239 363 2265 nihil
383 2240 466 2266 extat.
506 2240 554 2266 sed
574 2240 732 2266 conferatur
750 2240 918 2274 Philargyrii
940 2242 975 2267 ad
994 2251 1090 2276 georg.
1111 2242 1149 2268 III
1168 2245 1218 2268 2⁶21
1240 2242 1383 2267 scholium.

145 2281 172 2313 2)
200 2288 232 2306 eo
257 2279 353 2306 ordine
372 2280 512 2306 Donatum
533 2289 609 2306 usum
631 2288 690 2307 esse
710 2280 775 2306 inde
795 2282 912 2314 apparet
930 2283 1003 2315 quod
1024 2283 1110 2309 vitam
1131 2284 1230 2317 poetae
1250 2282 1284 2308 ab
1305 2291 1336 2308 eo
1357 2290 1420 2308 con-

145 2319 276 2353 scriptam
296 2319 486 2346 bucolicorum
506 2320 644 2353 praefatio
665 2320 797 2353 sequitur.

1168 2365 1207 2392 b*
