<?xml version="1.0" encoding="UTF-8"?>
<!DOCTYPE html PUBLIC "-//W3C//DTD XHTML 1.0 Transitional//EN"
    "http://www.w3.org/TR/xhtml1/DTD/xhtml1-transitional.dtd">
<html xmlns="http://www.w3.org/1999/xhtml" xml:lang="en" lang="en">
 <head>
  <title>
</title>
<meta http-equiv="Content-Type" content="text/html;charset=utf-8" />
  <meta name='ocr-system' content='tesseract 3.04.00' />
  <meta name='ocr-capabilities' content='ocr_page ocr_carea ocr_par ocr_line ocrx_word'/>
</head>
<body>
  <div class='ocr_page' id='page_1' title='image "./serviigrammatici01bons_0013.png"; bbox 0 0 1690 2611; ppageno 0'>
   <div class='ocr_carea' id='block_1_1' title="bbox 691 143 1435 171">
    <p class='ocr_par' dir='ltr' id='par_1_1' title="bbox 691 143 1435 171">
     <span class='ocr_line' id='line_1_1' title="bbox 691 143 1435 171; baseline 0.001 -1"><span class='ocrx_word' id='word_1_1' title='bbox 691 143 906 170; x_wconf 82' lang='lat' dir='ltr'>PRAEFATIO.</span> <span class='ocrx_word' id='word_1_2' title='bbox 1400 146 1435 171; x_wconf 80' lang='lat' dir='ltr'>{x</span> 
     </span>
    </p>
   </div>
   <div class='ocr_carea' id='block_1_2' title="bbox 120 225 1436 2305">
    <p class='ocr_par' dir='ltr' id='par_1_2' title="bbox 151 225 1436 750">
     <span class='ocr_line' id='line_1_2' title="bbox 152 225 1432 268; baseline 0.001 -11"><span class='ocrx_word' id='word_1_3' title='bbox 152 225 329 266; x_wconf 81' lang='lat' dir='ltr'>pleniorem</span> <span class='ocrx_word' id='word_1_4' title='bbox 363 226 630 257; x_wconf 79' lang='lat' dir='ltr'>commentarium</span> <span class='ocrx_word' id='word_1_5' title='bbox 659 226 841 267; x_wconf 72' lang='lat' dir='ltr'>composuit</span> <span class='ocrx_word' id='word_1_6' title='bbox 871 238 941 257; x_wconf 85' lang='lat' dir='ltr'>eam</span> <span class='ocrx_word' id='word_1_7' title='bbox 972 227 1055 258; x_wconf 85' lang='lat' dir='ltr'>inter</span> <span class='ocrx_word' id='word_1_8' title='bbox 1079 228 1157 259; x_wconf 83' lang='lat' dir='ltr'>duas</span> <span class='ocrx_word' id='word_1_9' title='bbox 1182 228 1255 259; x_wconf 82' lang='lat' dir='ltr'>illas</span> <span class='ocrx_word' id='word_1_10' title='bbox 1281 227 1432 268; x_wconf 88' lang='lat' dir='ltr'>interpre-</span> 
     </span>
     <span class='ocr_line' id='line_1_3' title="bbox 153 279 1433 322; baseline 0.002 -12"><span class='ocrx_word' id='word_1_11' title='bbox 153 279 293 310; x_wconf 76' lang='lat' dir='ltr'>tationes</span> <span class='ocrx_word' id='word_1_12' title='bbox 319 279 514 311; x_wconf 77' lang='lat' dir='ltr'>intercedere</span> <span class='ocrx_word' id='word_1_13' title='bbox 533 280 694 311; x_wconf 82' lang='lat' dir='ltr'>rationem</span> <span class='ocrx_word' id='word_1_14' title='bbox 714 280 864 321; x_wconf 79' lang='lat' dir='ltr'>opinatus</span> <span class='ocrx_word' id='word_1_15' title='bbox 886 282 944 321; x_wconf 86' lang='lat' dir='ltr'>est,</span> <span class='ocrx_word' id='word_1_16' title='bbox 968 282 1003 311; x_wconf 87' lang='lat' dir='ltr'>ut</span> <span class='ocrx_word' id='word_1_17' title='bbox 1023 281 1157 313; x_wconf 80' lang='lat' dir='ltr'>alterius</span> <span class='ocrx_word' id='word_1_18' title='bbox 1182 282 1302 313; x_wconf 83' lang='lat' dir='ltr'>veritas</span> <span class='ocrx_word' id='word_1_19' title='bbox 1328 281 1433 322; x_wconf 78' lang='lat' dir='ltr'>priore</span> 
     </span>
     <span class='ocr_line' id='line_1_4' title="bbox 153 333 1433 376; baseline 0.002 -12"><span class='ocrx_word' id='word_1_20' title='bbox 153 334 410 374; x_wconf 62' lang='lat' dir='ltr'>confirmaretur,</span> <span class='ocrx_word' id='word_1_21' title='bbox 444 333 575 374; x_wconf 83' lang='lat' dir='ltr'>scripsit</span> <span class='ocrx_word' id='word_1_22' title='bbox 603 333 688 364; x_wconf 91' lang='lat' dir='ltr'>enim</span> <span class='ocrx_word' id='word_1_23' title='bbox 717 344 784 374; x_wconf 69' lang='lat' dir='ltr'>erqo</span> <span class='ocrx_word' id='word_1_24' title='bbox 809 334 879 365; x_wconf 75' lang='lat' dir='ltr'>bene</span> <span class='ocrx_word' id='word_1_25' title='bbox 902 335 1046 365; x_wconf 69' lang='lat' dir='ltr'>audierat</span> <span class='ocrx_word' id='word_1_26' title='bbox 1070 346 1094 366; x_wconf 89' lang='lat' dir='ltr'>e.</span> <span class='ocrx_word' id='word_1_27' title='bbox 1120 346 1148 376; x_wconf 88' lang='lat' dir='ltr'>q.</span> <span class='ocrx_word' id='word_1_28' title='bbox 1174 347 1197 366; x_wconf 86' lang='lat' dir='ltr'>s.</span> <span class='ocrx_word' id='word_1_29' title='bbox 1224 354 1263 357; x_wconf 79' lang='lat'>—</span> <span class='ocrx_word' id='word_1_30' title='bbox 1289 335 1329 367; x_wconf 82' lang='lat' dir='ltr'>ad</span> <span class='ocrx_word' id='word_1_31' title='bbox 1345 335 1433 368; x_wconf 85' lang='lat' dir='ltr'>Aen.</span> 
     </span>
     <span class='ocr_line' id='line_1_5' title="bbox 152 386 1434 429; baseline 0.002 -11"><span class='ocrx_word' id='word_1_32' title='bbox 152 386 198 417; x_wconf 90' lang='lat' dir='ltr'>IV</span> <span class='ocrx_word' id='word_1_33' title='bbox 217 387 278 418; x_wconf 88' lang='grc'>132</span> <span class='ocrx_word' id='word_1_34' title='bbox 302 387 437 428; x_wconf 82' lang='lat' dir='ltr'>vulgato</span> <span class='ocrx_word' id='word_1_35' title='bbox 458 386 580 418; x_wconf 88' lang='lat' dir='ltr'>scholio</span> <span class='ocrx_word' id='word_1_36' title='bbox 601 387 683 428; x_wconf 91' lang='lat' dir='ltr'>quod</span> <span class='ocrx_word' id='word_1_37' title='bbox 703 387 764 418; x_wconf 89' lang='lat' dir='ltr'>hoc</span> <span class='ocrx_word' id='word_1_38' title='bbox 785 389 833 418; x_wconf 89' lang='lat' dir='ltr'>est</span> <span class='ocrx_word' id='word_1_39' title='bbox 853 400 891 418; x_wconf 73' lang='lat' dir='ltr'>Er</span> <span class='ocrx_word' id='word_1_40' title='bbox 906 400 995 419; x_wconf 59' lang='lat' dir='ltr'>onom</span> <span class='ocrx_word' id='word_1_41' title='bbox 1013 401 1114 420; x_wconf 63' lang='lat' dir='ltr'>enirm</span> <span class='ocrx_word' id='word_1_42' title='bbox 1133 402 1177 420; x_wconf 62' lang='lat' dir='ltr'>ms</span> <span class='ocrx_word' id='word_1_43' title='bbox 1190 389 1265 428; x_wconf 70' lang='lat' dir='ltr'>plns</span> <span class='ocrx_word' id='word_1_44' title='bbox 1280 391 1323 420; x_wconf 68' lang='lat' dir='ltr'>est</span> <span class='ocrx_word' id='word_1_45' title='bbox 1340 400 1434 429; x_wconf 76' lang='lat' dir='ltr'>qnam</span> 
     </span>
     <span class='ocr_line' id='line_1_6' title="bbox 151 440 1436 483; baseline 0.002 -12"><span class='ocrx_word' id='word_1_46' title='bbox 151 441 180 472; x_wconf 73' lang='lat' dir='ltr'>si</span> <span class='ocrx_word' id='word_1_47' title='bbox 203 441 312 472; x_wconf 73' lang='lat' dir='ltr'>diceret</span> <span class='ocrx_word' id='word_1_48' title='bbox 335 440 520 473; x_wconf 70' lang='lat' dir='ltr'>‘multitudo’</span> <span class='ocrx_word' id='word_1_49' title='bbox 544 440 578 471; x_wconf 90' lang='lat' dir='ltr'>in</span> <span class='ocrx_word' id='word_1_50' title='bbox 593 440 791 472; x_wconf 86' lang='lat' dir='ltr'>Floriacensi</span> <span class='ocrx_word' id='word_1_51' title='bbox 817 441 896 472; x_wconf 88' lang='lat' dir='ltr'>haec</span> <span class='ocrx_word' id='word_1_52' title='bbox 921 441 1032 472; x_wconf 86' lang='lat' dir='ltr'>addita</span> <span class='ocrx_word' id='word_1_53' title='bbox 1056 444 1131 473; x_wconf 88' lang='lat' dir='ltr'>sunt</span> <span class='ocrx_word' id='word_1_54' title='bbox 1150 453 1217 483; x_wconf 67' lang='lat' dir='ltr'>erqo</span> <span class='ocrx_word' id='word_1_55' title='bbox 1239 444 1299 473; x_wconf 67' lang='lat' dir='ltr'>vim</span> <span class='ocrx_word' id='word_1_56' title='bbox 1319 446 1375 474; x_wconf 74' lang='lat' dir='ltr'>aut</span> <span class='ocrx_word' id='word_1_57' title='bbox 1394 444 1436 475; x_wconf 72' lang='lat' dir='ltr'>ad</span> 
     </span>
     <span class='ocr_line' id='line_1_7' title="bbox 153 495 1433 538; baseline 0.002 -13"><span class='ocrx_word' id='word_1_58' title='bbox 153 495 380 526; x_wconf 67' lang='lat' dir='ltr'>multitudinem</span> <span class='ocrx_word' id='word_1_59' title='bbox 399 497 455 525; x_wconf 75' lang='lat' dir='ltr'>emt</span> <span class='ocrx_word' id='word_1_60' title='bbox 472 495 515 526; x_wconf 80' lang='lat' dir='ltr'>ad</span> <span class='ocrx_word' id='word_1_61' title='bbox 531 497 679 526; x_wconf 68' lang='lat' dir='ltr'>natztram</span> <span class='ocrx_word' id='word_1_62' title='bbox 698 495 810 535; x_wconf 70' lang='lat' dir='ltr'>retulit,</span> <span class='ocrx_word' id='word_1_63' title='bbox 834 495 854 526; x_wconf 87' lang='lat' dir='ltr'>i.</span> <span class='ocrx_word' id='word_1_64' title='bbox 865 506 890 526; x_wconf 91' lang='lat' dir='ltr'>e.</span> <span class='ocrx_word' id='word_1_65' title='bbox 911 496 966 526; x_wconf 87' lang='lat' dir='ltr'>aut</span> <span class='ocrx_word' id='word_1_66' title='bbox 986 495 1160 528; x_wconf 84' lang='lat' dir='ltr'>multitudo</span> <span class='ocrx_word' id='word_1_67' title='bbox 1191 498 1246 527; x_wconf 88' lang='lat' dir='ltr'>aut</span> <span class='ocrx_word' id='word_1_68' title='bbox 1272 497 1433 538; x_wconf 74' lang='lat' dir='ltr'>sagacitas</span> 
     </span>
     <span class='ocr_line' id='line_1_8' title="bbox 154 548 1433 591; baseline 0.002 -12"><span class='ocrx_word' id='word_1_69' title='bbox 154 559 269 579; x_wconf 85' lang='lat' dir='ltr'>canum</span> <span class='ocrx_word' id='word_1_70' title='bbox 294 548 505 589; x_wconf 84' lang='lat' dir='ltr'>significatur.</span> <span class='ocrx_word' id='word_1_71' title='bbox 536 550 671 590; x_wconf 81' lang='lat' dir='ltr'>apparet</span> <span class='ocrx_word' id='word_1_72' title='bbox 694 549 794 590; x_wconf 87' lang='lat' dir='ltr'>igitur</span> <span class='ocrx_word' id='word_1_73' title='bbox 819 560 915 590; x_wconf 83' lang='lat' dir='ltr'>quam</span> <span class='ocrx_word' id='word_1_74' title='bbox 940 549 1068 589; x_wconf 85' lang='lat' dir='ltr'>ineptus</span> <span class='ocrx_word' id='word_1_75' title='bbox 1095 550 1137 580; x_wconf 88' lang='lat' dir='ltr'>sit</span> <span class='ocrx_word' id='word_1_76' title='bbox 1157 549 1217 581; x_wconf 92' lang='lat' dir='ltr'>hoc</span> <span class='ocrx_word' id='word_1_77' title='bbox 1237 550 1310 581; x_wconf 86' lang='lat' dir='ltr'>loco</span> <span class='ocrx_word' id='word_1_78' title='bbox 1332 550 1433 591; x_wconf 70' lang='lat' dir='ltr'>‘ergo&#39;</span> 
     </span>
     <span class='ocr_line' id='line_1_9' title="bbox 153 601 1433 645; baseline 0.002 -12"><span class='ocrx_word' id='word_1_79' title='bbox 153 602 390 633; x_wconf 80' lang='lat' dir='ltr'>coniunctionis</span> <span class='ocrx_word' id='word_1_80' title='bbox 414 613 500 633; x_wconf 89' lang='lat' dir='ltr'>usus.</span> <span class='ocrx_word' id='word_1_81' title='bbox 529 602 567 633; x_wconf 86' lang='lat' dir='ltr'>cf.</span> <span class='ocrx_word' id='word_1_82' title='bbox 593 601 671 633; x_wconf 87' lang='lat' dir='ltr'>Aen.</span> <span class='ocrx_word' id='word_1_83' title='bbox 690 602 706 633; x_wconf 96' lang='lat' dir='ltr'>I</span> <span class='ocrx_word' id='word_1_84' title='bbox 726 602 799 643; x_wconf 91' lang='lat'><strong>266,</strong></span> <span class='ocrx_word' id='word_1_85' title='bbox 825 602 898 643; x_wconf 78' lang='grc'>295,</span> <span class='ocrx_word' id='word_1_86' title='bbox 922 602 996 642; x_wconf 80' lang='grc'>502,</span> <span class='ocrx_word' id='word_1_87' title='bbox 1021 602 1086 633; x_wconf 83' lang='grc'>520</span> <span class='ocrx_word' id='word_1_88' title='bbox 1112 601 1156 644; x_wconf 92' lang='lat' dir='ltr'>(p.</span> <span class='ocrx_word' id='word_1_89' title='bbox 1184 604 1254 644; x_wconf 84' lang='lat'>160,</span> <span class='ocrx_word' id='word_1_90' title='bbox 1275 602 1340 645; x_wconf 85' lang='lat'>24),</span> <span class='ocrx_word' id='word_1_91' title='bbox 1361 604 1433 645; x_wconf 81' lang='lat'>570,</span> 
     </span>
     <span class='ocr_line' id='line_1_10' title="bbox 154 655 1432 699; baseline 0.002 -13"><span class='ocrx_word' id='word_1_92' title='bbox 154 656 227 687; x_wconf 87' lang='grc'>616.</span> <span class='ocrx_word' id='word_1_93' title='bbox 269 655 301 686; x_wconf 92' lang='lat' dir='ltr'>II</span> <span class='ocrx_word' id='word_1_94' title='bbox 328 655 377 696; x_wconf 87' lang='lat'>13,</span> <span class='ocrx_word' id='word_1_95' title='bbox 402 655 475 697; x_wconf 84' lang='lat'>291,</span> <span class='ocrx_word' id='word_1_96' title='bbox 501 656 576 695; x_wconf 82' lang='lat'>311,</span> <span class='ocrx_word' id='word_1_97' title='bbox 602 656 674 696; x_wconf 82' lang='lat'>610,</span> <span class='ocrx_word' id='word_1_98' title='bbox 700 656 771 687; x_wconf 73' lang='lat'>739.</span> <span class='ocrx_word' id='word_1_99' title='bbox 814 655 863 686; x_wconf 87' lang='grc' dir='ltr'>ΙΙΙ</span> <span class='ocrx_word' id='word_1_100' title='bbox 890 656 917 696; x_wconf 89' lang='grc'>7,</span> <span class='ocrx_word' id='word_1_101' title='bbox 942 656 1016 686; x_wconf 83' lang='lat'>374.</span> <span class='ocrx_word' id='word_1_102' title='bbox 1060 655 1138 687; x_wconf 89' lang='lat' dir='ltr'>VIII</span> <span class='ocrx_word' id='word_1_103' title='bbox 1166 657 1236 697; x_wconf 81' lang='lat'>116,</span> <span class='ocrx_word' id='word_1_104' title='bbox 1264 658 1334 699; x_wconf 68' lang='lat'>187,</span> <span class='ocrx_word' id='word_1_105' title='bbox 1359 658 1432 699; x_wconf 63' lang='lat'>265,</span> 
     </span>
     <span class='ocr_line' id='line_1_11' title="bbox 153 709 326 750; baseline 0 -10"><span class='ocrx_word' id='word_1_106' title='bbox 153 709 227 750; x_wconf 80' lang='lat'><strong>298,</strong></span> <span class='ocrx_word' id='word_1_107' title='bbox 253 709 326 741; x_wconf 80' lang='lat'>354.</span> 
     </span>
    </p>

    <p class='ocr_par' dir='ltr' id='par_1_3' title="bbox 120 761 1434 2305">
     <span class='ocr_line' id='line_1_12' title="bbox 244 761 1431 806; baseline 0.003 -13"><span class='ocrx_word' id='word_1_108' title='bbox 244 761 436 794; x_wconf 83' lang='lat' dir='ltr'>Causalibus</span> <span class='ocrx_word' id='word_1_109' title='bbox 462 765 570 794; x_wconf 86' lang='lat' dir='ltr'>autem</span> <span class='ocrx_word' id='word_1_110' title='bbox 595 762 890 803; x_wconf 60' lang='lat' dir='ltr'>coniunctionibus,</span> <span class='ocrx_word' id='word_1_111' title='bbox 916 763 1016 794; x_wconf 83' lang='lat' dir='ltr'>veluti</span> <span class='ocrx_word' id='word_1_112' title='bbox 1041 763 1148 794; x_wconf 67' lang='lat' dir='ltr'>‘nam&#39;</span> <span class='ocrx_word' id='word_1_113' title='bbox 1174 763 1290 795; x_wconf 69' lang='lat' dir='ltr'>‘enim’</span> <span class='ocrx_word' id='word_1_114' title='bbox 1316 764 1431 806; x_wconf 71' lang='lat' dir='ltr'>‘quod’</span> 
     </span>
     <span class='ocr_line' id='line_1_13' title="bbox 155 815 1433 859; baseline 0.002 -12"><span class='ocrx_word' id='word_1_115' title='bbox 155 815 272 857; x_wconf 62' lang='grc' dir='ltr'>ε(11113’,</span> <span class='ocrx_word' id='word_1_116' title='bbox 302 818 334 847; x_wconf 86' lang='lat' dir='ltr'>et</span> <span class='ocrx_word' id='word_1_117' title='bbox 363 816 541 857; x_wconf 80' lang='lat' dir='ltr'>explicandi</span> <span class='ocrx_word' id='word_1_118' title='bbox 568 815 728 856; x_wconf 83' lang='lat' dir='ltr'>formulis,</span> <span class='ocrx_word' id='word_1_119' title='bbox 762 816 872 857; x_wconf 87' lang='lat' dir='ltr'>quales</span> <span class='ocrx_word' id='word_1_120' title='bbox 903 818 978 847; x_wconf 87' lang='lat' dir='ltr'>suut</span> <span class='ocrx_word' id='word_1_121' title='bbox 1008 816 1084 848; x_wconf 76' lang='lat' dir='ltr'>‘hoc</span> <span class='ocrx_word' id='word_1_122' title='bbox 1115 816 1180 847; x_wconf 84' lang='lat' dir='ltr'>cst’</span> <span class='ocrx_word' id='word_1_123' title='bbox 1210 817 1260 848; x_wconf 89' lang='lat' dir='ltr'>vel</span> <span class='ocrx_word' id='word_1_124' title='bbox 1285 817 1333 848; x_wconf 70' lang='lat' dir='ltr'>‘id</span> <span class='ocrx_word' id='word_1_125' title='bbox 1359 818 1433 859; x_wconf 84' lang='lat' dir='ltr'>est’,</span> 
     </span>
     <span class='ocr_line' id='line_1_14' title="bbox 154 869 1433 912; baseline 0.002 -12"><span class='ocrx_word' id='word_1_126' title='bbox 154 869 238 911; x_wconf 89' lang='lat' dir='ltr'>quod</span> <span class='ocrx_word' id='word_1_127' title='bbox 272 869 358 901; x_wconf 87' lang='lat' dir='ltr'>haud</span> <span class='ocrx_word' id='word_1_128' title='bbox 390 869 502 910; x_wconf 80' lang='lat' dir='ltr'>paucis</span> <span class='ocrx_word' id='word_1_129' title='bbox 529 869 685 910; x_wconf 87' lang='lat' dir='ltr'>plenioris</span> <span class='ocrx_word' id='word_1_130' title='bbox 715 870 938 901; x_wconf 82' lang='lat' dir='ltr'>commentarii</span> <span class='ocrx_word' id='word_1_131' title='bbox 966 870 1045 901; x_wconf 88' lang='lat' dir='ltr'>locis</span> <span class='ocrx_word' id='word_1_132' title='bbox 1075 881 1146 901; x_wconf 88' lang='grc'>011111</span> <span class='ocrx_word' id='word_1_133' title='bbox 1176 871 1318 912; x_wconf 81' lang='lat' dir='ltr'>vulgatis</span> <span class='ocrx_word' id='word_1_134' title='bbox 1350 883 1433 903; x_wconf 83' lang='lat' dir='ltr'>nova</span> 
     </span>
     <span class='ocr_line' id='line_1_15' title="bbox 154 923 1434 967; baseline 0.002 -13"><span class='ocrx_word' id='word_1_135' title='bbox 154 924 306 965; x_wconf 82' lang='lat' dir='ltr'>copulata</span> <span class='ocrx_word' id='word_1_136' title='bbox 331 926 419 964; x_wconf 87' lang='lat' dir='ltr'>sunt,</span> <span class='ocrx_word' id='word_1_137' title='bbox 443 934 637 964; x_wconf 80' lang='lat' dir='ltr'>quamquam</span> <span class='ocrx_word' id='word_1_138' title='bbox 662 923 713 954; x_wconf 88' lang='lat' dir='ltr'>his</span> <span class='ocrx_word' id='word_1_139' title='bbox 739 923 796 954; x_wconf 88' lang='grc'>1113</span> <span class='ocrx_word' id='word_1_140' title='bbox 820 934 921 965; x_wconf 90' lang='lat' dir='ltr'>neque</span> <span class='ocrx_word' id='word_1_141' title='bbox 941 925 1193 965; x_wconf 80' lang='lat' dir='ltr'>comprobantur</span> <span class='ocrx_word' id='word_1_142' title='bbox 1212 936 1316 966; x_wconf 89' lang='lat' dir='ltr'>neque</span> <span class='ocrx_word' id='word_1_143' title='bbox 1336 926 1434 967; x_wconf 78' lang='lat' dir='ltr'>expli-</span> 
     </span>
     <span class='ocr_line' id='line_1_16' title="bbox 154 976 1433 1021; baseline 0.003 -14"><span class='ocrx_word' id='word_1_144' title='bbox 154 979 282 1017; x_wconf 81' lang='lat' dir='ltr'>cantur,</span> <span class='ocrx_word' id='word_1_145' title='bbox 310 977 341 1007; x_wconf 83' lang='lat' dir='ltr'>id</span> <span class='ocrx_word' id='word_1_146' title='bbox 370 976 455 1007; x_wconf 84' lang='lat' dir='ltr'>haud</span> <span class='ocrx_word' id='word_1_147' title='bbox 485 977 551 1008; x_wconf 88' lang='grc'>3010</span> <span class='ocrx_word' id='word_1_148' title='bbox 577 988 617 1008; x_wconf 82' lang='lat' dir='ltr'>an</span> <span class='ocrx_word' id='word_1_149' title='bbox 642 977 745 1018; x_wconf 81' lang='lat' dir='ltr'>magis</span> <span class='ocrx_word' id='word_1_150' title='bbox 772 977 811 1008; x_wconf 82' lang='lat' dir='ltr'>ad</span> <span class='ocrx_word' id='word_1_151' title='bbox 835 978 1074 1019; x_wconf 74' lang='lat' dir='ltr'>neglegentiam</span> <span class='ocrx_word' id='word_1_152' title='bbox 1101 977 1261 1019; x_wconf 83' lang='lat' dir='ltr'>quandam</span> <span class='ocrx_word' id='word_1_153' title='bbox 1287 979 1354 1010; x_wconf 87' lang='lat' dir='ltr'>eius</span> <span class='ocrx_word' id='word_1_154' title='bbox 1380 980 1433 1021; x_wconf 86' lang='lat' dir='ltr'>qui</span> 
     </span>
     <span class='ocr_line' id='line_1_17' title="bbox 154 1030 1432 1073; baseline 0.002 -12"><span class='ocrx_word' id='word_1_155' title='bbox 154 1030 360 1061; x_wconf 83' lang='lat' dir='ltr'>Danielinum</span> <span class='ocrx_word' id='word_1_156' title='bbox 381 1031 646 1062; x_wconf 87' lang='lat' dir='ltr'>commentarium</span> <span class='ocrx_word' id='word_1_157' title='bbox 666 1031 829 1073; x_wconf 80' lang='lat' dir='ltr'>congessit</span> <span class='ocrx_word' id='word_1_158' title='bbox 844 1032 1059 1063; x_wconf 83' lang='lat' dir='ltr'>revocandum</span> <span class='ocrx_word' id='word_1_159' title='bbox 1076 1032 1132 1073; x_wconf 84' lang='lat' dir='ltr'>sit,</span> <span class='ocrx_word' id='word_1_160' title='bbox 1156 1043 1252 1073; x_wconf 83' lang='grc'>(1113111</span> <span class='ocrx_word' id='word_1_161' title='bbox 1269 1033 1308 1064; x_wconf 83' lang='lat' dir='ltr'>ad</span> <span class='ocrx_word' id='word_1_162' title='bbox 1325 1033 1432 1065; x_wconf 84' lang='lat' dir='ltr'>iudicii</span> 
     </span>
     <span class='ocr_line' id='line_1_18' title="bbox 153 1084 1433 1127; baseline 0.003 -12"><span class='ocrx_word' id='word_1_163' title='bbox 153 1084 425 1116; x_wconf 81' lang='lat' dir='ltr'>imbecillitatem:</span> <span class='ocrx_word' id='word_1_164' title='bbox 450 1096 525 1115; x_wconf 89' lang='lat' dir='ltr'>nam</span> <span class='ocrx_word' id='word_1_165' title='bbox 549 1095 630 1126; x_wconf 83' lang='lat' dir='ltr'>quae</span> <span class='ocrx_word' id='word_1_166' title='bbox 655 1085 694 1116; x_wconf 87' lang='lat' dir='ltr'>ad</span> <span class='ocrx_word' id='word_1_167' title='bbox 719 1085 844 1126; x_wconf 78' lang='lat' dir='ltr'>vulgati</span> <span class='ocrx_word' id='word_1_168' title='bbox 866 1085 980 1116; x_wconf 89' lang='lat' dir='ltr'>scholii</span> <span class='ocrx_word' id='word_1_169' title='bbox 999 1086 1192 1117; x_wconf 84' lang='lat' dir='ltr'>sententiam</span> <span class='ocrx_word' id='word_1_170' title='bbox 1213 1098 1277 1119; x_wconf 87' lang='grc'>11011</span> <span class='ocrx_word' id='word_1_171' title='bbox 1298 1090 1433 1127; x_wconf 83' lang='lat' dir='ltr'>possunt</span> 
     </span>
     <span class='ocr_line' id='line_1_19' title="bbox 153 1137 1433 1180; baseline 0.002 -11"><span class='ocrx_word' id='word_1_172' title='bbox 153 1137 390 1169; x_wconf 82' lang='lat' dir='ltr'>adcommodari</span> <span class='ocrx_word' id='word_1_173' title='bbox 426 1149 463 1169; x_wconf 87' lang='lat' dir='ltr'>ea</span> <span class='ocrx_word' id='word_1_174' title='bbox 495 1138 535 1169; x_wconf 84' lang='lat' dir='ltr'>ad</span> <span class='ocrx_word' id='word_1_175' title='bbox 570 1139 641 1179; x_wconf 87' lang='lat' dir='ltr'>ipsa</span> <span class='ocrx_word' id='word_1_176' title='bbox 673 1140 788 1179; x_wconf 84' lang='lat' dir='ltr'>poetae</span> <span class='ocrx_word' id='word_1_177' title='bbox 822 1139 934 1180; x_wconf 85' lang='lat' dir='ltr'>verba,</span> <span class='ocrx_word' id='word_1_178' title='bbox 968 1139 1005 1169; x_wconf 89' lang='lat' dir='ltr'>de</span> <span class='ocrx_word' id='word_1_179' title='bbox 1035 1139 1151 1180; x_wconf 83' lang='lat' dir='ltr'>quibus</span> <span class='ocrx_word' id='word_1_180' title='bbox 1181 1139 1433 1180; x_wconf 80' lang='lat' dir='ltr'>interpretandis</span> 
     </span>
     <span class='ocr_line' id='line_1_20' title="bbox 154 1191 1433 1234; baseline 0.002 -12"><span class='ocrx_word' id='word_1_181' title='bbox 154 1191 274 1233; x_wconf 83' lang='lat' dir='ltr'>agitur,</span> <span class='ocrx_word' id='word_1_182' title='bbox 298 1193 383 1223; x_wconf 87' lang='lat' dir='ltr'>recte</span> <span class='ocrx_word' id='word_1_183' title='bbox 408 1191 597 1223; x_wconf 84' lang='lat' dir='ltr'>referuntur.</span> <span class='ocrx_word' id='word_1_184' title='bbox 626 1191 776 1223; x_wconf 83' lang='lat' dir='ltr'>videntur</span> <span class='ocrx_word' id='word_1_185' title='bbox 796 1193 896 1234; x_wconf 86' lang='lat' dir='ltr'>igitur</span> <span class='ocrx_word' id='word_1_186' title='bbox 916 1193 1054 1224; x_wconf 89' lang='lat' dir='ltr'>aliorum</span> <span class='ocrx_word' id='word_1_187' title='bbox 1074 1193 1289 1234; x_wconf 85' lang='lat' dir='ltr'>interpretum</span> <span class='ocrx_word' id='word_1_188' title='bbox 1310 1193 1433 1225; x_wconf 83' lang='lat' dir='ltr'>scholia</span> 
     </span>
     <span class='ocr_line' id='line_1_21' title="bbox 154 1245 1433 1289; baseline 0.002 -13"><span class='ocrx_word' id='word_1_189' title='bbox 154 1256 235 1286; x_wconf 88' lang='grc'>(11130</span> <span class='ocrx_word' id='word_1_190' title='bbox 249 1245 392 1286; x_wconf 84' lang='lat' dir='ltr'>vulgatis</span> <span class='ocrx_word' id='word_1_191' title='bbox 408 1246 441 1277; x_wconf 87' lang='lat' dir='ltr'>in</span> <span class='ocrx_word' id='word_1_192' title='bbox 456 1246 654 1287; x_wconf 82' lang='lat' dir='ltr'>plenioribus</span> <span class='ocrx_word' id='word_1_193' title='bbox 671 1246 764 1277; x_wconf 88' lang='lat' dir='ltr'>libris</span> <span class='ocrx_word' id='word_1_194' title='bbox 780 1246 890 1277; x_wconf 87' lang='lat' dir='ltr'>addita</span> <span class='ocrx_word' id='word_1_195' title='bbox 905 1249 979 1278; x_wconf 85' lang='lat' dir='ltr'>sunt</span> <span class='ocrx_word' id='word_1_196' title='bbox 995 1247 1114 1288; x_wconf 81' lang='lat' dir='ltr'>partini</span> <span class='ocrx_word' id='word_1_197' title='bbox 1131 1258 1167 1277; x_wconf 80' lang='lat' dir='ltr'>ex</span> <span class='ocrx_word' id='word_1_198' title='bbox 1184 1248 1433 1289; x_wconf 83' lang='lat' dir='ltr'>commentariis,</span> 
     </span>
     <span class='ocr_line' id='line_1_22' title="bbox 154 1298 1432 1342; baseline 0.002 -12"><span class='ocrx_word' id='word_1_199' title='bbox 154 1299 274 1340; x_wconf 87' lang='lat' dir='ltr'>partim</span> <span class='ocrx_word' id='word_1_200' title='bbox 289 1310 327 1330; x_wconf 81' lang='lat' dir='ltr'>ex</span> <span class='ocrx_word' id='word_1_201' title='bbox 337 1298 526 1341; x_wconf 87' lang='lat' dir='ltr'>Vergiliano</span> <span class='ocrx_word' id='word_1_202' title='bbox 542 1299 651 1340; x_wconf 84' lang='lat' dir='ltr'>aliquo</span> <span class='ocrx_word' id='word_1_203' title='bbox 668 1300 842 1341; x_wconf 85' lang='lat' dir='ltr'>exemplari</span> <span class='ocrx_word' id='word_1_204' title='bbox 857 1300 961 1342; x_wconf 85' lang='lat' dir='ltr'>petita</span> <span class='ocrx_word' id='word_1_205' title='bbox 977 1311 1054 1341; x_wconf 87' lang='lat' dir='ltr'>esse,</span> <span class='ocrx_word' id='word_1_206' title='bbox 1070 1301 1158 1331; x_wconf 88' lang='lat' dir='ltr'>cuius</span> <span class='ocrx_word' id='word_1_207' title='bbox 1178 1301 1209 1331; x_wconf 91' lang='grc'>111</span> <span class='ocrx_word' id='word_1_208' title='bbox 1231 1301 1432 1342; x_wconf 82' lang='lat' dir='ltr'>marginibus</span> 
     </span>
     <span class='ocr_line' id='line_1_23' title="bbox 154 1352 1432 1396; baseline 0.002 -13"><span class='ocrx_word' id='word_1_209' title='bbox 154 1352 202 1383; x_wconf 89' lang='lat' dir='ltr'>ita</span> <span class='ocrx_word' id='word_1_210' title='bbox 227 1352 348 1394; x_wconf 84' lang='lat' dir='ltr'>scripta</span> <span class='ocrx_word' id='word_1_211' title='bbox 372 1355 478 1393; x_wconf 83' lang='lat' dir='ltr'>erant,</span> <span class='ocrx_word' id='word_1_212' title='bbox 510 1355 546 1384; x_wconf 90' lang='lat' dir='ltr'>ut</span> <span class='ocrx_word' id='word_1_213' title='bbox 569 1353 690 1385; x_wconf 88' lang='lat' dir='ltr'>notulis</span> <span class='ocrx_word' id='word_1_214' title='bbox 715 1353 907 1394; x_wconf 81' lang='lat' dir='ltr'>quibusdam</span> <span class='ocrx_word' id='word_1_215' title='bbox 932 1353 1152 1394; x_wconf 84' lang='lat' dir='ltr'>significatum</span> <span class='ocrx_word' id='word_1_216' title='bbox 1178 1357 1263 1386; x_wconf 87' lang='lat' dir='ltr'>esset</span> <span class='ocrx_word' id='word_1_217' title='bbox 1287 1355 1326 1386; x_wconf 85' lang='lat' dir='ltr'>ad</span> <span class='ocrx_word' id='word_1_218' title='bbox 1351 1366 1432 1396; x_wconf 86' lang='lat' dir='ltr'>quae</span> 
     </span>
     <span class='ocr_line' id='line_1_24' title="bbox 154 1406 1432 1447; baseline 0.002 -10"><span class='ocrx_word' id='word_1_219' title='bbox 154 1408 268 1447; x_wconf 80' lang='lat' dir='ltr'>poetae</span> <span class='ocrx_word' id='word_1_220' title='bbox 293 1406 390 1437; x_wconf 78' lang='lat' dir='ltr'>verba</span> <span class='ocrx_word' id='word_1_221' title='bbox 409 1406 616 1447; x_wconf 87' lang='lat' dir='ltr'>pertinerent.</span> <span class='ocrx_word' id='word_1_222' title='bbox 662 1406 816 1447; x_wconf 87' lang='lat' dir='ltr'>plenioris</span> <span class='ocrx_word' id='word_1_223' title='bbox 842 1408 949 1438; x_wconf 84' lang='lat' dir='ltr'>autem</span> <span class='ocrx_word' id='word_1_224' title='bbox 974 1408 1197 1439; x_wconf 87' lang='lat' dir='ltr'>commentarii</span> <span class='ocrx_word' id='word_1_225' title='bbox 1223 1410 1336 1440; x_wconf 80' lang='lat' dir='ltr'>auctor</span> <span class='ocrx_word' id='word_1_226' title='bbox 1360 1420 1432 1440; x_wconf 89' lang='lat' dir='ltr'>cum</span> 
     </span>
     <span class='ocr_line' id='line_1_25' title="bbox 155 1459 1432 1500; baseline 0.003 -10"><span class='ocrx_word' id='word_1_227' title='bbox 155 1459 279 1500; x_wconf 84' lang='lat' dir='ltr'>vulgati</span> <span class='ocrx_word' id='word_1_228' title='bbox 308 1459 421 1491; x_wconf 87' lang='lat' dir='ltr'>scholii</span> <span class='ocrx_word' id='word_1_229' title='bbox 453 1460 571 1492; x_wconf 85' lang='lat' dir='ltr'>lemma</span> <span class='ocrx_word' id='word_1_230' title='bbox 601 1462 657 1492; x_wconf 84' lang='lat' dir='ltr'>aut</span> <span class='ocrx_word' id='word_1_231' title='bbox 686 1472 756 1492; x_wconf 90' lang='lat' dir='ltr'>cum</span> <span class='ocrx_word' id='word_1_232' title='bbox 787 1461 890 1492; x_wconf 86' lang='lat' dir='ltr'>alieno</span> <span class='ocrx_word' id='word_1_233' title='bbox 920 1462 1073 1493; x_wconf 87' lang='lat' dir='ltr'>lemmate</span> <span class='ocrx_word' id='word_1_234' title='bbox 1102 1463 1282 1493; x_wconf 88' lang='lat' dir='ltr'>consentire</span> <span class='ocrx_word' id='word_1_235' title='bbox 1307 1464 1363 1494; x_wconf 84' lang='lat' dir='ltr'>aut</span> <span class='ocrx_word' id='word_1_236' title='bbox 1387 1463 1432 1494; x_wconf 86' lang='lat' dir='ltr'>eis</span> 
     </span>
     <span class='ocr_line' id='line_1_26' title="bbox 155 1513 1432 1557; baseline 0.004 -14"><span class='ocrx_word' id='word_1_237' title='bbox 155 1513 261 1544; x_wconf 85' lang='lat' dir='ltr'>verbis</span> <span class='ocrx_word' id='word_1_238' title='bbox 286 1513 444 1544; x_wconf 88' lang='lat' dir='ltr'>contineri</span> <span class='ocrx_word' id='word_1_239' title='bbox 468 1514 598 1545; x_wconf 84' lang='lat' dir='ltr'>videbat</span> <span class='ocrx_word' id='word_1_240' title='bbox 617 1514 655 1545; x_wconf 89' lang='lat' dir='ltr'>ad</span> <span class='ocrx_word' id='word_1_241' title='bbox 676 1525 756 1555; x_wconf 88' lang='lat' dir='ltr'>quae</span> <span class='ocrx_word' id='word_1_242' title='bbox 777 1514 917 1546; x_wconf 90' lang='lat' dir='ltr'>alienum</span> <span class='ocrx_word' id='word_1_243' title='bbox 938 1515 1097 1547; x_wconf 89' lang='lat' dir='ltr'>scholium</span> <span class='ocrx_word' id='word_1_244' title='bbox 1117 1516 1149 1546; x_wconf 92' lang='lat' dir='ltr'>in</span> <span class='ocrx_word' id='word_1_245' title='bbox 1165 1515 1356 1557; x_wconf 87' lang='lat' dir='ltr'>Vergiliano</span> <span class='ocrx_word' id='word_1_246' title='bbox 1376 1517 1432 1548; x_wconf 94' lang='lat' dir='ltr'>illo</span> 
     </span>
     <span class='ocr_line' id='line_1_27' title="bbox 156 1566 1434 1611; baseline 0.003 -14"><span class='ocrx_word' id='word_1_247' title='bbox 156 1566 239 1597; x_wconf 90' lang='lat' dir='ltr'>libro</span> <span class='ocrx_word' id='word_1_248' title='bbox 255 1566 454 1608; x_wconf 79' lang='lat' dir='ltr'>adscriptum</span> <span class='ocrx_word' id='word_1_249' title='bbox 470 1569 552 1608; x_wconf 82' lang='lat' dir='ltr'>erat,</span> <span class='ocrx_word' id='word_1_250' title='bbox 576 1568 717 1609; x_wconf 85' lang='lat' dir='ltr'>vulgatis</span> <span class='ocrx_word' id='word_1_251' title='bbox 738 1579 821 1599; x_wconf 85' lang='lat' dir='ltr'>nova</span> <span class='ocrx_word' id='word_1_252' title='bbox 842 1568 1032 1609; x_wconf 85' lang='lat' dir='ltr'>simpliciter</span> <span class='ocrx_word' id='word_1_253' title='bbox 1052 1569 1168 1601; x_wconf 79' lang='lat' dir='ltr'>adiecit</span> <span class='ocrx_word' id='word_1_254' title='bbox 1186 1581 1289 1611; x_wconf 84' lang='lat' dir='ltr'>neque</span> <span class='ocrx_word' id='word_1_255' title='bbox 1310 1571 1434 1602; x_wconf 87' lang='lat' dir='ltr'>curavit</span> 
     </span>
     <span class='ocr_line' id='line_1_28' title="bbox 156 1620 1430 1664; baseline 0.003 -13"><span class='ocrx_word' id='word_1_256' title='bbox 156 1620 406 1660; x_wconf 87' lang='lat' dir='ltr'>coniunctiones,</span> <span class='ocrx_word' id='word_1_257' title='bbox 431 1632 512 1661; x_wconf 85' lang='lat' dir='ltr'>quae</span> <span class='ocrx_word' id='word_1_258' title='bbox 533 1621 572 1652; x_wconf 83' lang='lat' dir='ltr'>ad</span> <span class='ocrx_word' id='word_1_259' title='bbox 584 1620 721 1662; x_wconf 82' lang='lat' dir='ltr'>Vergilii</span> <span class='ocrx_word' id='word_1_260' title='bbox 741 1622 840 1652; x_wconf 85' lang='lat' dir='ltr'>verba</span> <span class='ocrx_word' id='word_1_261' title='bbox 864 1622 1035 1663; x_wconf 76' lang='lat' dir='ltr'>adaptatae</span> <span class='ocrx_word' id='word_1_262' title='bbox 1060 1626 1178 1664; x_wconf 88' lang='lat' dir='ltr'>essent,</span> <span class='ocrx_word' id='word_1_263' title='bbox 1201 1635 1277 1654; x_wconf 89' lang='lat' dir='ltr'>num</span> <span class='ocrx_word' id='word_1_264' title='bbox 1303 1624 1430 1655; x_wconf 89' lang='lat' dir='ltr'>eaedem</span> 
     </span>
     <span class='ocr_line' id='line_1_29' title="bbox 155 1673 1433 1718; baseline 0.003 -14"><span class='ocrx_word' id='word_1_265' title='bbox 155 1673 194 1704; x_wconf 89' lang='lat' dir='ltr'>ad</span> <span class='ocrx_word' id='word_1_266' title='bbox 219 1674 425 1715; x_wconf 84' lang='lat' dir='ltr'>vulgatorum</span> <span class='ocrx_word' id='word_1_267' title='bbox 451 1674 644 1705; x_wconf 87' lang='lat' dir='ltr'>sententiam</span> <span class='ocrx_word' id='word_1_268' title='bbox 669 1675 883 1706; x_wconf 85' lang='lat' dir='ltr'>convenirent.</span> <span class='ocrx_word' id='word_1_269' title='bbox 930 1678 966 1707; x_wconf 88' lang='lat' dir='ltr'>ut</span> <span class='ocrx_word' id='word_1_270' title='bbox 991 1676 1145 1717; x_wconf 79' lang='lat' dir='ltr'>exemplis</span> <span class='ocrx_word' id='word_1_271' title='bbox 1166 1687 1233 1707; x_wconf 87' lang='lat' dir='ltr'>rem</span> <span class='ocrx_word' id='word_1_272' title='bbox 1253 1677 1433 1718; x_wconf 80' lang='lat' dir='ltr'>inlustrem,</span> 
     </span>
     <span class='ocr_line' id='line_1_30' title="bbox 155 1726 1432 1771; baseline 0.003 -13"><span class='ocrx_word' id='word_1_273' title='bbox 155 1727 196 1758; x_wconf 87' lang='grc'>3(1</span> <span class='ocrx_word' id='word_1_274' title='bbox 211 1727 289 1758; x_wconf 89' lang='grc' dir='ltr'>Αο11.</span> <span class='ocrx_word' id='word_1_275' title='bbox 305 1727 319 1758; x_wconf 95' lang='grc' dir='ltr'>Ι</span> <span class='ocrx_word' id='word_1_276' title='bbox 337 1728 398 1758; x_wconf 90' lang='grc'>123</span> <span class='ocrx_word' id='word_1_277' title='bbox 419 1726 547 1759; x_wconf 82' lang='lat' dir='ltr'>Servius</span> <span class='ocrx_word' id='word_1_278' title='bbox 568 1728 735 1759; x_wconf 79' lang='lat' dir='ltr'>adnotavit</span> <span class='ocrx_word' id='word_1_279' title='bbox 754 1728 890 1760; x_wconf 88' lang='lat' dir='ltr'>imbrem</span> <span class='ocrx_word' id='word_1_280' title='bbox 913 1729 975 1760; x_wconf 87' lang='lat' dir='ltr'>dici</span> <span class='ocrx_word' id='word_1_281' title='bbox 995 1740 1139 1761; x_wconf 83' lang='lat' dir='ltr'>umorem</span> <span class='ocrx_word' id='word_1_282' title='bbox 1156 1741 1283 1761; x_wconf 86' lang='lat' dir='ltr'>omnem</span> <span class='ocrx_word' id='word_1_283' title='bbox 1299 1741 1432 1771; x_wconf 88' lang='lat' dir='ltr'>eamque</span> 
     </span>
     <span class='ocr_line' id='line_1_31' title="bbox 120 1781 1431 1824; baseline 0.002 -12"><span class='ocrx_word' id='word_1_284' title='bbox 120 1782 123 1785; x_wconf 80' lang='grc'><strong>“</strong></span> <span class='ocrx_word' id='word_1_285' title='bbox 155 1781 417 1812; x_wconf 84' lang='lat' dir='ltr'>consuetudinem</span> <span class='ocrx_word' id='word_1_286' title='bbox 437 1781 578 1812; x_wconf 88' lang='lat' dir='ltr'>Lucretii</span> <span class='ocrx_word' id='word_1_287' title='bbox 598 1792 691 1812; x_wconf 88' lang='lat' dir='ltr'>versu</span> <span class='ocrx_word' id='word_1_288' title='bbox 712 1781 851 1822; x_wconf 82' lang='lat' dir='ltr'>quodam</span> <span class='ocrx_word' id='word_1_289' title='bbox 871 1785 1122 1814; x_wconf 83' lang='lat' dir='ltr'>commemorato</span> <span class='ocrx_word' id='word_1_290' title='bbox 1142 1783 1300 1824; x_wconf 84' lang='lat' dir='ltr'>probavit.</span> <span class='ocrx_word' id='word_1_291' title='bbox 1325 1784 1431 1815; x_wconf 86' lang='lat' dir='ltr'>verbis</span> 
     </span>
     <span class='ocr_line' id='line_1_32' title="bbox 157 1834 1431 1875; baseline 0.003 -10"><span class='ocrx_word' id='word_1_292' title='bbox 157 1845 236 1875; x_wconf 87' lang='lat' dir='ltr'>quae</span> <span class='ocrx_word' id='word_1_293' title='bbox 266 1836 341 1865; x_wconf 88' lang='lat' dir='ltr'>sunt</span> <span class='ocrx_word' id='word_1_294' title='bbox 364 1835 459 1866; x_wconf 67' lang='lat' dir='ltr'>imbeo¹</span> <span class='ocrx_word' id='word_1_295' title='bbox 482 1835 594 1866; x_wconf 75' lang='lat' dir='ltr'>dicitnr</span> <span class='ocrx_word' id='word_1_296' title='bbox 618 1836 717 1866; x_wconf 70' lang='lat' dir='ltr'>onmis</span> <span class='ocrx_word' id='word_1_297' title='bbox 740 1846 829 1866; x_wconf 71' lang='lat' dir='ltr'>umor</span> <span class='ocrx_word' id='word_1_298' title='bbox 852 1836 885 1866; x_wconf 92' lang='lat' dir='ltr'>in</span> <span class='ocrx_word' id='word_1_299' title='bbox 910 1834 1098 1868; x_wconf 82' lang='lat' dir='ltr'>Cassellano</span> <span class='ocrx_word' id='word_1_300' title='bbox 1124 1838 1156 1867; x_wconf 88' lang='lat' dir='ltr'>et</span> <span class='ocrx_word' id='word_1_301' title='bbox 1179 1836 1326 1868; x_wconf 85' lang='lat' dir='ltr'>Parisino</span> <span class='ocrx_word' id='word_1_302' title='bbox 1352 1838 1431 1869; x_wconf 82' lang='lat' dir='ltr'>satis</span> 
     </span>
     <span class='ocr_line' id='line_1_33' title="bbox 156 1887 1431 1930; baseline 0.003 -12"><span class='ocrx_word' id='word_1_303' title='bbox 156 1887 264 1928; x_wconf 85' lang='lat' dir='ltr'>inepte</span> <span class='ocrx_word' id='word_1_304' title='bbox 291 1888 371 1919; x_wconf 86' lang='grc'>11300</span> <span class='ocrx_word' id='word_1_305' title='bbox 402 1888 552 1920; x_wconf 83' lang='lat' dir='ltr'>adiuncta</span> <span class='ocrx_word' id='word_1_306' title='bbox 581 1890 655 1920; x_wconf 88' lang='lat' dir='ltr'>sunt</span> <span class='ocrx_word' id='word_1_307' title='bbox 683 1891 791 1920; x_wconf 70' lang='lat' dir='ltr'>veteres</span> <span class='ocrx_word' id='word_1_308' title='bbox 819 1889 900 1920; x_wconf 77' lang='lat' dir='ltr'>emm</span> <span class='ocrx_word' id='word_1_309' title='bbox 929 1900 1047 1921; x_wconf 73' lang='lat' dir='ltr'>onmem</span> <span class='ocrx_word' id='word_1_310' title='bbox 1070 1900 1185 1930; x_wconf 72' lang='lat' dir='ltr'>aquam</span> <span class='ocrx_word' id='word_1_311' title='bbox 1207 1891 1334 1922; x_wconf 75' lang='lat' dir='ltr'>imbrem</span> <span class='ocrx_word' id='word_1_312' title='bbox 1357 1892 1431 1922; x_wconf 74' lang='lat' dir='ltr'>‹Hee-</span> 
     </span>
     <span class='ocr_line' id='line_1_34' title="bbox 156 1940 1432 1983; baseline 0.002 -11"><span class='ocrx_word' id='word_1_313' title='bbox 156 1941 237 1972; x_wconf 74' lang='lat' dir='ltr'>bant.</span> <span class='ocrx_word' id='word_1_314' title='bbox 283 1940 474 1973; x_wconf 86' lang='lat' dir='ltr'>Lucretiano</span> <span class='ocrx_word' id='word_1_315' title='bbox 504 1944 611 1973; x_wconf 89' lang='lat' dir='ltr'>autem</span> <span class='ocrx_word' id='word_1_316' title='bbox 637 1943 783 1983; x_wconf 84' lang='lat' dir='ltr'>exemplo</span> <span class='ocrx_word' id='word_1_317' title='bbox 809 1943 843 1973; x_wconf 85' lang='lat' dir='ltr'>in</span> <span class='ocrx_word' id='word_1_318' title='bbox 866 1943 957 1974; x_wconf 85' lang='lat' dir='ltr'>libris</span> <span class='ocrx_word' id='word_1_319' title='bbox 981 1943 1045 1975; x_wconf 87' lang='lat' dir='ltr'>illis</span> <span class='ocrx_word' id='word_1_320' title='bbox 1071 1943 1216 1975; x_wconf 85' lang='lat' dir='ltr'>additum</span> <span class='ocrx_word' id='word_1_321' title='bbox 1241 1946 1290 1975; x_wconf 87' lang='lat' dir='ltr'>est</span> <span class='ocrx_word' id='word_1_322' title='bbox 1313 1944 1432 1975; x_wconf 82' lang='lat' dir='ltr'>Ennia-</span> 
     </span>
     <span class='ocr_line' id='line_1_35' title="bbox 156 1994 1430 2037; baseline 0.003 -12"><span class='ocrx_word' id='word_1_323' title='bbox 156 2005 247 2035; x_wconf 90' lang='lat' dir='ltr'>num,</span> <span class='ocrx_word' id='word_1_324' title='bbox 275 1994 374 2035; x_wconf 88' lang='lat' dir='ltr'>quod,</span> <span class='ocrx_word' id='word_1_325' title='bbox 403 2006 473 2027; x_wconf 85' lang='lat' dir='ltr'>cum</span> <span class='ocrx_word' id='word_1_326' title='bbox 502 2007 559 2036; x_wconf 89' lang='lat' dir='ltr'>pro</span> <span class='ocrx_word' id='word_1_327' title='bbox 585 2007 682 2037; x_wconf 86' lang='lat' dir='ltr'>aqua</span> <span class='ocrx_word' id='word_1_328' title='bbox 706 1996 832 2027; x_wconf 79' lang='lat' dir='ltr'>marina</span> <span class='ocrx_word' id='word_1_329' title='bbox 856 1996 998 2028; x_wconf 87' lang='lat' dir='ltr'>Ennium</span> <span class='ocrx_word' id='word_1_330' title='bbox 1024 1996 1158 2028; x_wconf 66' lang='lat' dir='ltr'>‘imber&#39;</span> <span class='ocrx_word' id='word_1_331' title='bbox 1183 1997 1301 2028; x_wconf 84' lang='lat' dir='ltr'>dixisse</span> <span class='ocrx_word' id='word_1_332' title='bbox 1326 2000 1430 2029; x_wconf 82' lang='lat' dir='ltr'>osten-</span> 
     </span>
     <span class='ocr_line' id='line_1_36' title="bbox 157 2048 1430 2091; baseline 0.004 -13"><span class='ocrx_word' id='word_1_333' title='bbox 157 2048 251 2079; x_wconf 86' lang='lat' dir='ltr'>datur</span> <span class='ocrx_word' id='word_1_334' title='bbox 281 2050 311 2078; x_wconf 87' lang='lat' dir='ltr'>et</span> <span class='ocrx_word' id='word_1_335' title='bbox 335 2048 419 2079; x_wconf 87' lang='lat' dir='ltr'>inter</span> <span class='ocrx_word' id='word_1_336' title='bbox 442 2051 565 2080; x_wconf 85' lang='lat' dir='ltr'>veteres</span> <span class='ocrx_word' id='word_1_337' title='bbox 588 2049 713 2081; x_wconf 84' lang='lat' dir='ltr'>Ennius</span> <span class='ocrx_word' id='word_1_338' title='bbox 746 2052 945 2091; x_wconf 87' lang='lat' dir='ltr'>numeretur,</span> <span class='ocrx_word' id='word_1_339' title='bbox 976 2051 1054 2081; x_wconf 88' lang='lat' dir='ltr'>olim</span> <span class='ocrx_word' id='word_1_340' title='bbox 1079 2050 1206 2082; x_wconf 85' lang='lat' dir='ltr'>videtur</span> <span class='ocrx_word' id='word_1_341' title='bbox 1229 2062 1300 2082; x_wconf 88' lang='lat' dir='ltr'>cum</span> <span class='ocrx_word' id='word_1_342' title='bbox 1325 2052 1430 2083; x_wconf 85' lang='lat' dir='ltr'>verbis</span> 
     </span>
     <span class='ocr_line' id='line_1_37' title="bbox 158 2103 1429 2145; baseline 0.003 -13"><span class='ocrx_word' id='word_1_343' title='bbox 158 2113 239 2143; x_wconf 87' lang='lat' dir='ltr'>quae</span> <span class='ocrx_word' id='word_1_344' title='bbox 269 2103 343 2133; x_wconf 83' lang='lat' dir='ltr'>sunt</span> <span class='ocrx_word' id='word_1_345' title='bbox 370 2104 478 2133; x_wconf 71' lang='lat' dir='ltr'>veteres</span> <span class='ocrx_word' id='word_1_346' title='bbox 502 2127 508 2134; x_wconf 88' lang='lat'>.</span> <span class='ocrx_word' id='word_1_347' title='bbox 529 2128 534 2133; x_wconf 94' lang='lat'>.</span> <span class='ocrx_word' id='word_1_348' title='bbox 555 2128 561 2133; x_wconf 89' lang='lat'>.</span> <span class='ocrx_word' id='word_1_349' title='bbox 585 2103 724 2134; x_wconf 74' lang='lat' dir='ltr'>dicebant</span> <span class='ocrx_word' id='word_1_350' title='bbox 747 2104 952 2135; x_wconf 88' lang='lat' dir='ltr'>coniunctum</span> <span class='ocrx_word' id='word_1_351' title='bbox 976 2104 1086 2135; x_wconf 81' lang='lat' dir='ltr'>fuisse.</span> <span class='ocrx_word' id='word_1_352' title='bbox 1132 2104 1242 2145; x_wconf 87' lang='lat' dir='ltr'>itaque</span> <span class='ocrx_word' id='word_1_353' title='bbox 1267 2116 1347 2145; x_wconf 85' lang='lat' dir='ltr'>quae</span> <span class='ocrx_word' id='word_1_354' title='bbox 1372 2105 1429 2136; x_wconf 91' lang='lat' dir='ltr'>im-</span> 
     </span>
     <span class='ocr_line' id='line_1_38' title="bbox 156 2155 1430 2199; baseline 0.003 -14"><span class='ocrx_word' id='word_1_355' title='bbox 156 2155 328 2195; x_wconf 83' lang='lat' dir='ltr'>prudenter</span> <span class='ocrx_word' id='word_1_356' title='bbox 352 2155 487 2186; x_wconf 86' lang='lat' dir='ltr'>disiecta</span> <span class='ocrx_word' id='word_1_357' title='bbox 511 2158 603 2187; x_wconf 83' lang='lat' dir='ltr'>erant</span> <span class='ocrx_word' id='word_1_358' title='bbox 626 2156 660 2187; x_wconf 91' lang='lat' dir='ltr'>in</span> <span class='ocrx_word' id='word_1_359' title='bbox 683 2168 782 2188; x_wconf 90' lang='lat' dir='ltr'>unum</span> <span class='ocrx_word' id='word_1_360' title='bbox 807 2157 964 2188; x_wconf 89' lang='lat' dir='ltr'>scholium</span> <span class='ocrx_word' id='word_1_361' title='bbox 989 2158 1132 2199; x_wconf 88' lang='lat' dir='ltr'>restitui,</span> <span class='ocrx_word' id='word_1_362' title='bbox 1162 2160 1198 2188; x_wconf 88' lang='lat' dir='ltr'>ut</span> <span class='ocrx_word' id='word_1_363' title='bbox 1223 2157 1341 2189; x_wconf 72' lang='lat' dir='ltr'>‘enim’</span> <span class='ocrx_word' id='word_1_364' title='bbox 1365 2169 1430 2189; x_wconf 91' lang='lat' dir='ltr'>non</span> 
     </span>
     <span class='ocr_line' id='line_1_39' title="bbox 158 2206 1430 2249; baseline 0.002 -10"><span class='ocrx_word' id='word_1_365' title='bbox 158 2209 197 2239; x_wconf 85' lang='lat' dir='ltr'>ad</span> <span class='ocrx_word' id='word_1_366' title='bbox 213 2206 323 2249; x_wconf 82' lang='lat' dir='ltr'>Servii,</span> <span class='ocrx_word' id='word_1_367' title='bbox 347 2208 402 2240; x_wconf 87' lang='lat' dir='ltr'>sed</span> <span class='ocrx_word' id='word_1_368' title='bbox 427 2209 467 2240; x_wconf 89' lang='lat' dir='ltr'>ad</span> <span class='ocrx_word' id='word_1_369' title='bbox 485 2208 586 2249; x_wconf 88' lang='lat' dir='ltr'>ipsius</span> <span class='ocrx_word' id='word_1_370' title='bbox 606 2211 720 2249; x_wconf 85' lang='lat' dir='ltr'>poetae</span> <span class='ocrx_word' id='word_1_371' title='bbox 740 2210 838 2241; x_wconf 88' lang='lat' dir='ltr'>verba</span> <span class='ocrx_word' id='word_1_372' title='bbox 857 2210 1040 2242; x_wconf 84' lang='lat' dir='ltr'>referretur.</span> <span class='ocrx_word' id='word_1_373' title='bbox 1073 2211 1221 2242; x_wconf 87' lang='lat' dir='ltr'>similiter</span> <span class='ocrx_word' id='word_1_374' title='bbox 1242 2211 1278 2242; x_wconf 84' lang='lat' dir='ltr'>de</span> <span class='ocrx_word' id='word_1_375' title='bbox 1299 2211 1430 2242; x_wconf 86' lang='lat' dir='ltr'>scholiis</span> 
     </span>
     <span class='ocr_line' id='line_1_40' title="bbox 157 2261 1430 2305; baseline 0.002 -13"><span class='ocrx_word' id='word_1_376' title='bbox 157 2261 198 2292; x_wconf 84' lang='lat' dir='ltr'>ad</span> <span class='ocrx_word' id='word_1_377' title='bbox 225 2261 304 2293; x_wconf 86' lang='lat' dir='ltr'>Aen.</span> <span class='ocrx_word' id='word_1_378' title='bbox 328 2261 342 2292; x_wconf 95' lang='lat' dir='ltr'>I</span> <span class='ocrx_word' id='word_1_379' title='bbox 369 2262 431 2293; x_wconf 83' lang='lat'>134</span> <span class='ocrx_word' id='word_1_380' title='bbox 460 2262 644 2303; x_wconf 86' lang='lat' dir='ltr'>adscriptis,</span> <span class='ocrx_word' id='word_1_381' title='bbox 674 2263 729 2294; x_wconf 86' lang='lat' dir='ltr'>ubi</span> <span class='ocrx_word' id='word_1_382' title='bbox 759 2263 876 2294; x_wconf 72' lang='lat' dir='ltr'>‘enim&#39;</span> <span class='ocrx_word' id='word_1_383' title='bbox 906 2263 945 2294; x_wconf 86' lang='lat' dir='ltr'>ad</span> <span class='ocrx_word' id='word_1_384' title='bbox 974 2264 1106 2305; x_wconf 81' lang='lat' dir='ltr'>vulgata</span> <span class='ocrx_word' id='word_1_385' title='bbox 1134 2265 1223 2295; x_wconf 89' lang='lat' dir='ltr'>nullo</span> <span class='ocrx_word' id='word_1_386' title='bbox 1254 2265 1347 2296; x_wconf 85' lang='lat' dir='ltr'>modo</span> <span class='ocrx_word' id='word_1_387' title='bbox 1379 2265 1430 2295; x_wconf 87' lang='grc'>3(1-</span> 
     </span>
    </p>
   </div>
   <div class='ocr_carea' id='block_1_3' title="bbox 157 2314 1432 2411">
    <p class='ocr_par' dir='ltr' id='par_1_4' title="bbox 157 2314 1432 2411">
     <span class='ocr_line' id='line_1_41' title="bbox 157 2314 1432 2358; baseline 0.002 -12"><span class='ocrx_word' id='word_1_388' title='bbox 157 2314 354 2346; x_wconf 84' lang='lat' dir='ltr'>commodari</span> <span class='ocrx_word' id='word_1_389' title='bbox 378 2318 499 2356; x_wconf 85' lang='lat' dir='ltr'>potest,</span> <span class='ocrx_word' id='word_1_390' title='bbox 524 2318 556 2347; x_wconf 86' lang='lat' dir='ltr'>et</span> <span class='ocrx_word' id='word_1_391' title='bbox 579 2316 616 2346; x_wconf 85' lang='lat' dir='ltr'>de</span> <span class='ocrx_word' id='word_1_392' title='bbox 636 2315 686 2347; x_wconf 93' lang='lat' dir='ltr'>his</span> <span class='ocrx_word' id='word_1_393' title='bbox 706 2316 912 2348; x_wconf 86' lang='lat' dir='ltr'>iudicandum</span> <span class='ocrx_word' id='word_1_394' title='bbox 931 2317 1058 2348; x_wconf 86' lang='lat' dir='ltr'>videtur</span> <span class='ocrx_word' id='word_1_395' title='bbox 1077 2328 1158 2358; x_wconf 84' lang='lat' dir='ltr'>quae</span> <span class='ocrx_word' id='word_1_396' title='bbox 1179 2318 1315 2357; x_wconf 79' lang='lat' dir='ltr'>exempli</span> <span class='ocrx_word' id='word_1_397' title='bbox 1336 2329 1432 2348; x_wconf 87' lang='grc'>031133</span> 
     </span>
     <span class='ocr_line' id='line_1_42' title="bbox 158 2369 1431 2411; baseline 0.001 -13"><span class='ocrx_word' id='word_1_398' title='bbox 158 2379 387 2400; x_wconf 86' lang='lat' dir='ltr'>commemoro:</span> <span class='ocrx_word' id='word_1_399' title='bbox 412 2369 492 2402; x_wconf 82' lang='lat' dir='ltr'>Aen.</span> <span class='ocrx_word' id='word_1_400' title='bbox 516 2369 530 2400; x_wconf 92' lang='lat' dir='ltr'>I</span> <span class='ocrx_word' id='word_1_401' title='bbox 556 2370 606 2408; x_wconf 81' lang='grc'>37,</span> <span class='ocrx_word' id='word_1_402' title='bbox 635 2370 704 2411; x_wconf 87' lang='grc'>130,</span> <span class='ocrx_word' id='word_1_403' title='bbox 728 2370 801 2411; x_wconf 75' lang='lat'>259,</span> <span class='ocrx_word' id='word_1_404' title='bbox 825 2370 898 2411; x_wconf 81' lang='lat'>293,</span> <span class='ocrx_word' id='word_1_405' title='bbox 924 2371 998 2411; x_wconf 81' lang='lat'>297,</span> <span class='ocrx_word' id='word_1_406' title='bbox 1021 2371 1095 2411; x_wconf 84' lang='lat'>423,</span> <span class='ocrx_word' id='word_1_407' title='bbox 1119 2371 1192 2410; x_wconf 78' lang='lat'>481,</span> <span class='ocrx_word' id='word_1_408' title='bbox 1219 2371 1289 2402; x_wconf 83' lang='lat'>704.</span> <span class='ocrx_word' id='word_1_409' title='bbox 1325 2370 1356 2401; x_wconf 93' lang='lat' dir='ltr'>II</span> <span class='ocrx_word' id='word_1_410' title='bbox 1383 2372 1431 2411; x_wconf 73' lang='lat'>16,</span> 
     </span>
    </p>
   </div>
  </div>
 </body>
</html>
