1690 2611
499 121 612 149 COMM.
632 122 672 148 IN
690 121 796 148 VERG.
815 122 899 150 AEN.
920 123 952 150 ΙΙ.
975 127 1122 150 167-172.
1383 125 1447 156 249

167 202 287 234 thracia
321 203 449 235 Troiam
482 204 684 235 translatam:
719 204 778 235 alii
809 205 909 236 multa
939 205 1035 244 fuisse
1067 205 1229 245 Palladia,
1262 208 1314 238 sed
1343 207 1397 239 hoc
1429 218 1449 238 a

167 257 314 288 Diomede
337 259 365 288 et
393 256 484 288 Ulixe
504 257 589 296 furto
612 257 750 289 ablatum
774 259 907 289 tradant.

163 325 178 342 ι
258 311 329 341 167.
367 319 503 342 SACRAM
527 319 699 342 EFFIGIEM
728 311 820 352 quasi
848 312 884 343 de
913 312 1001 343 eaelo
1031 313 1165 354 lapsam.
1211 317 1239 345 et
1268 317 1327 346 tres
1354 315 1449 347 simul

168 373 217 394 res
239 364 332 404 dixit,
356 374 450 404 qnare
472 374 585 395 numen
609 365 806 396 irasceretur:
834 365 915 405 quod
936 366 1088 397 antistites
1111 368 1204 405 caesi,
1232 369 1313 407 quod
1336 369 1448 400 tollere-

167 419 232 458 tur,
256 418 337 457 quod
358 418 491 449 eruentis
514 418 666 449 manibus.

258 471 330 502 169.
367 480 413 502 Ex
436 480 517 503 1LLO
546 471 647 511 facto,
676 472 726 503 vel
755 474 909 513 tempore.
1015 481 1154 504 FLVERE
1179 474 1285 505 delabi.
1331 478 1358 506 et
1381 476 1448 507 τῶν

168 523 278 565 μέσων
298 526 360 565 est3
379 535 454 555 nam
473 524 544 555 ideo
560 525 683 557 addidit
704 525 832 557 ‘retro'.
872 528 984 557 contra
1004 525 1177 558 Sallustius
1199 528 1313 559 rebus
1334 540 1448 570 supra

167 579 257 609 vota
280 577 508 609 fluentibus.

259 631 329 663 170.
367 640 502 663 AVERSA
526 640 618 662 DEAE
644 641 735 664 MENS
764 635 899 674 propter
922 634 1002 665 illud
1027 634 1256 675 ‘manibusque
1281 635 1447 667 eruentis’.

259 685 330 716 171.
368 693 538 716 TRITONIA
558 687 614 716 aut
634 686 725 726 quasi
741 686 911 727 terribilis,
930 684 993 718 ἀπὸ
1010 688 1070 718 τοῦ
1085 693 1185 728 τρεῖν,
1204 687 1237 718 id
1254 690 1303 719 est
1323 689 1447 726 timerey

167 740 222 769 aut
246 748 264 768 a
292 738 416 769 Tritone
438 748 529 769 amne
552 738 712 777 Boeotiae,
741 742 796 771 aut
822 751 842 771 a
868 740 1027 772 Tritonide
1048 741 1165 781 palude
1188 741 1331 782 Africae,
1360 743 1448 773 iaxta

167 801 260 830 quam
289 794 365 822 nata
396 792 521 829 dieitur,
553 792 725 824 secundum
756 793 920 825 Lucanum
951 793 1016 834 <IX
1047 794 1132 835 354>
1164 797 1199 826 et
1231 806 1270 826 se
1300 796 1445 827 dilect-a

164 843 370 875 Tritonida
400 844 502 876 dixit
531 846 575 876 ab
605 846 712 877 unda.
760 858 835 878 sane
865 847 1045 878 ‘Tritonia'
1077 849 1356 880 antonomasivuni
1387 853 1444 890 est,

170 898 245 939 quia
267 898 433 939 proprium
459 900 508 929 est
531 898 707 931 Minervae:
733 911 807 931 113111
828 901 972 941 epitheta
992 903 1067 932 sunt-
1091 913 1172 943 quae
1192 902 1289 933 variis
1309 906 1445 944 possunt

165 951 215 982 vel
239 952 385 992 personis
408 952 460 983 vel
485 952 580 984 rebus
601 953 728 994 adponi.
767 956 799 985 et
818 954 898 985 haec
918 957 1008 986 caute
1030 955 1231 986 observanda
1251 958 1335 997 sunt,
1360 957 1445 988 sicut

171 1007 202 1036 et
234 1006 367 1046 propria
399 1006 544 1046 nomina,
577 1018 659 1048 quae
691 1008 879 1050 plerumque
909 1019 946 1039 ex
976 1009 1182 1049 appellativis
1212 1011 1299 1051 sunt,
1333 1012 1369 1041 ut
1398 1013 1447 1041 est

165 1058 280 1090 Victor
305 1059 355 1090 vel
379 1058 480 1090 Felix.

262 1113 332 1144 172.
369 1122 430 1144 ΠΧ
454 1114 548 1145 modo
579 1114 685 1146 ‘mox’
709 1115 872 1156 siqnifieat.
966 1129 1083 1148 (usrms
1099 1127 1159 1157 pro
1182 1118 1217 1148 in
1240 1118 1357 1149 eastris.

167 1178 360 1198 suumomni
383 1167 462 1198 inter
485 1171 674 1200 consecratas
697 1179 756 1207 res,
785 1170 820 1200 id
841 1172 883 1201 est
906 1170 1005 1202 aedes.
1029 1180 1131 1211 areas,
1160 1171 1251 1202 etiam
1278 1171 1447 1203 sirnalaera

169 1219 368 1258 accipiuntur,
392 1222 474 1260 qaod
495 1222 528 1252 in
553 1222 692 1253 bucolicis
713 1221 797 1262 <VII
812 1223 875 1263 31>
895 1224 1042 1263 scriptam
1067 1226 1116 1255 est.
1145 1224 1193 1255 liic
1216 1234 1284 1264 eryo
1306 1225 1371 1264 ipso
1394 1236 1445 1256 no-

167 1273 250 1303 mine
280 1273 441 1306 simulacri
464 1276 715 1307 consecrationem
738 1277 803 1307 eius
826 1277 970 1311 ostendit,-
1000 1278 1069 1317 quis
1092 1278 1173 1308 enim
1196 1279 1319 1318 iynorat
1340 1278 1446 1310 Palla—

165 1327 251 1358 dium
279 1327 479 1359 simulacrum
509 1329 669 1360 illinervae
699 1330 782 1361 esse?
829 1341 919 1370 qaam
952 1333 1054 1362 antem
1084 1342 1207 1362 sacram
1236 1332 1345 1372 faerit,
1375 1332 1446 1364 hino

161 1381 249 1421 docet,
277 1382 358 1420 qnod
379 1382 425 1412 ait
450 1382 517 1414 ‘nec
539 1383 639 1414 dubiis
664 1394 698 1414 ea
722 1384 811 1423 siqua
836 1385 918 1415 (ledit
940 1384 1082 1416 Tritonia
1108 1386 1260 1417 monstris.
1293 1387 1344 1417 rii·
1360 1388 1444 1427 posi-

166 1439 229 1464 tam
253 1434 377 1466 eastris’
402 1438 430 1466 et
453 1436 582 1477 reliqua,
606 1439 641 1468 at
659 1440 819 1477 appareat,
848 1440 875 1469 et
903 1438 963 1469 loeo
988 1441 1101 1470 motum
1134 1440 1193 1470 rim
1222 1442 1323 1471 tamen
1347 1450 1443 1472 conse-

236 1543 250 1566 7
267 1540 427 1575 Sallustius]
443 1541 506 1567 hist.
521 1541 619 1576 fragm.
635 1542 688 1568 1110,
706 1546 738 1568 ΤΟ
753 1543 799 1569 Kr.
815 1544 824 1577 ΙΙ
840 1547 872 1569 10
888 1543 1015 1570 Tritonia
1031 1546 1080 1570 aut
1095 1545 1173 1579 quasi
1188 1545 1319 1571 terribilis
1336 1554 1357 1572 0.
1370 1555 1395 1579 q.
1409 1546 1441 1580 s.]

165 1583 249 1601 exscr.
270 1575 407 1609 mythogr.
428 1577 466 1602 III
488 1580 528 1610 10,
550 1581 561 1603 1
584 1579 651 1604 extr.
672 1578 705 1604 cf.
727 1578 789 1604 Isid.
812 1579 879 1613 orig.
900 1579 964 1605 VIII
986 1583 1026 1613 11,
1048 1583 1080 1606 74

236 1677 251 1699 3
272 1674 381 1707 lapsum
402 1674 461 1700 CH
476 1675 585 1709 lapsam
604 1684 637 1702 ex
656 1676 765 1710 lapsum
786 1677 809 1702 L
824 1678 833 1710 ΙΙ
855 1681 871 1703 4
891 1678 1042 1712 antistites]
1063 1678 1135 1704 arcis
1154 1679 1210 1705 tres
1230 1679 1334 1705 Daniel
1348 1682 1357 1713 Ι]
1372 1683 1386 1705 6
1407 1680 1444 1706 ad

166 1717 189 1735 v,
212 1712 260 1735 169
280 1709 322 1735 Ex
340 1709 402 1744 1110]
423 1710 497 1737 facto
517 1711 562 1737 vel
582 1713 715 1745 tempore.
754 1712 864 1747 Fluere]
892 1713 984 1739 delabi
1005 1713 1143 1747 (delapsi).
1168 1716 1196 1740 et
1215 1716 1257 1741 est
1276 1715 1331 1740 τῶν
1351 1715 1443 1749 μέσων

164 1745 225 1774 (ton
244 1746 363 1777 meson);
383 1754 448 1771 nam
467 1746 530 1772 ideo
551 1747 659 1773 addidit
681 1748 797 1774 ‘retr0'.
820 1749 846 1773 P
863 1749 872 1782 11
890 1748 977 1782 facto]
999 1749 1057 1775 fato
1079 1750 1115 1775 M
1127 1750 1136 1782 11
1157 1751 1185 1776 et
1204 1751 1246 1776 est
1267 1750 1342 1783 0111
1363 1750 1444 1777 addit

165 1779 268 1806 Daniel
287 1781 296 1813 ΙΙ
316 1780 464 1807 Sallustius
484 1784 598 1809 econtra
619 1783 641 1808 C
659 1785 683 1809 et
702 1783 805 1809 Daniel
822 1785 831 1817 11
851 1793 934 1817 super
952 1784 1056 1811 Daniel
1069 1786 1078 1817 ΙΙ
1093 1788 1107 1811 9
1132 1795 1251 1811 AnvnnsA
1273 1786 1309 1811 M
1326 1788 1335 1819 ΙΙ
1355 1790 1387 1812 10
1407 1787 1443 1812 ad

164 1824 188 1840 Γ.
209 1818 258 1841 171
284 1815 420 1850 Tritonia]
450 1825 466 1843 a
490 1817 602 1844 Tritone
634 1827 714 1844 3111110
739 1821 843 1852 (amno)
869 1820 1014 1854 Boeotiae,
1044 1823 1093 1847 aut
1122 1830 1138 1846 a
1167 1821 1311 1847 Tritonide
1340 1821 1442 1855 palude

166 1850 291 1883 Africae,
311 1851 388 1877 iuxta
407 1861 490 1885 quam
509 1855 576 1879 nata
596 1853 704 1880 dicitur.
740 1855 890 1881 seeundum
911 1857 1005 1882 autem
1025 1856 1174 1883 Lucanum.
1208 1865 1224 1882 a
1244 1857 1368 1891 personis
1389 1859 1442 1889 (30⁴

163 1885 217 1917 nis)
237 1886 282 1912 uel
304 1886 384 1912 rebus
404 1888 515 1920 apponi.
554 1890 582 1915 et
600 1889 669 1915 haee
689 1911 693 1915 .
712 1911 716 1915 .
734 1911 739 1916 .
761 1899 794 1916 ex
813 1891 993 1924 appellatiuis
1014 1893 1086 1918 sunt.
1112 1892 1139 1917 P
1159 1893 1168 1925 ΙΙ
1192 1893 1242 1918 aut
1262 1913 1266 1918 .
1284 1914 1288 1918 .
1306 1915 1311 1919 .
1331 1892 1441 1925 timere]

165 1922 214 1947 aut
232 1930 258 1954 q.
278 1921 352 1947 inter
375 1922 478 1948 nubilis
504 1921 560 1950 ἀπὸ
581 1925 630 1950 τοῦ
650 1927 799 1957 &potinam
817 1930 828 1952 '1'
852 1927 952 1953 timore
974 1927 996 1953 G
1022 1929 1071 1953 aut
1094 1927 1173 1960 quasi
1197 1927 1360 1954 intenibilis
1385 1925 1441 1954 α’πό

164 1957 213 1982 τοῦ
233 1958 387 1990 θροεῖσθαι
406 1957 434 1983 id
454 1960 496 1984 est
514 1959 613 1986 timere
634 1960 737 1987 Daniel
751 1963 759 1993 ΙΙ
773 1970 828 1987 ano
845 1972 966 1988 TY‘rmTlx
981 1963 1005 1987 L
1021 1964 1138 1995 (rrmrm
1155 1964 1182 1989 in
1200 1971 1251 1989 ras.
1270 1964 1288 1995 l)
1311 1973 1442 1989 Anoxrmx

165 1993 198 2018 H
215 2002 268 2018 Ληο
289 2002 340 2018 ΤΟΥ
359 2002 419 2018 Tm
440 1994 510 2019 ME
531 1995 540 2027 ΙῙ
562 1995 592 2021 id
611 1996 664 2030 est]
685 1996 759 2030 quod
779 1998 821 2023 est
842 1998 895 2023 :lle
918 1999 926 2031 ΙΙ
951 2001 983 2024 12
1004 1998 1159 2032 Lucanum]
1181 1998 1229 2032 qui
1248 1999 1288 2024 ait
1307 2000 1369 2025 add.
1392 2009 1413 2025 m

164 2028 274 2054 delecta
294 2036 326 2053 ea:
345 2027 449 2054 dilecta
470 2029 504 2054 H
522 2030 531 2062 ῙΙ
556 2033 588 2056 13
612 2031 755 2064 trytonida
774 2033 807 2058 H
827 2034 836 2065 ΙΙ
859 2033 914 2059 1131)
934 2034 968 2059 Η
987 2035 996 2067 Ι]
1019 2034 1054 2060 ab
1074 2034 1160 2068 unda]
1183 2034 1228 2060 uel
1249 2034 1375 2060 Tritonia
1394 2044 1443 2068 per

165 2061 362 2097 ἐτυμολογιάν,
386 2064 452 2097 quia
478 2073 540 2090 cum
564 2065 600 2092 sit
623 2066 657 2091 (10
677 2067 827 2100 sapientia,
852 2068 880 2094 111
907 2070 1000 2101 partes
1023 2071 1080 2095 tres
1107 2069 1254 2095 diuiditur:
1281 2070 1310 2096 in
1339 2070 1441 2096 intelli-

162 2099 288 2133 gentiam
312 2099 346 2125 de
370 2101 496 2133 tempore
520 2101 673 2134 praesenti,
698 2102 727 2128 in
751 2103 957 2136 prouidentiam
980 2104 1012 2130 de
1036 2104 1144 2137 futuro,
1169 2105 1197 2131 in
1220 2105 1383 2131 memoriam
1408 2106 1441 2132 de

163 2135 289 2168 tempore
317 2135 469 2168 praeterito
499 2137 561 2163 add.
587 2136 615 2162 D
638 2138 647 2170 11
676 2138 729 2172 est]
759 2138 789 2164 id
816 2140 859 2165 est
885 2139 945 2165 uice
973 2140 1237 2174 nominis-ponitur
1266 2149 1334 2174 qaae
1361 2142 1441 2175 vnlyo

164 2170 320 2201 adduntur,
339 2171 390 2196 mei
409 2171 475 2196 libri
493 2173 619 2197 omittant
638 2173 647 2205 ΙΙ
667 2176 699 2198 14
719 2173 844 2200 minema
865 2175 914 2200 Ml
933 2176 941 2207 ΙΙ
961 2178 993 2200 15
1014 2176 1186 2202 obseruande
1208 2176 1235 2201 P
1247 2177 1256 2209 ΙΙ
1277 2179 1307 2202 16
1328 2177 1442 2202 numina.

167 2205 195 2231 P
216 2206 225 2239 ΙΙ
249 2209 281 2232 18
305 2206 342 2232 ad
367 2215 388 2232 υ.
411 2209 459 2232 172
486 2207 550 2241 Vix]
576 2207 659 2234 modo
685 2208 780 2234 ‘mox’
807 2209 955 2242 significat.
994 2210 1108 2246 Castris]
1134 2211 1346 2238 ...Mineruae
1374 2220 1439 2238 esse.

164 2241 275 2275 Arsere]
297 2262 302 2267 .
320 2263 324 2268 .
341 2262 347 2267 .
367 2242 518 2268 tremulum
538 2244 588 2269 est.
611 2243 637 2268 P
659 2245 667 2276 ΙΙ
693 2247 724 2269 19
743 2244 771 2270 id
792 2245 845 2279 est]
864 2246 979 2277 fortasse
997 2247 1029 2271 ut
1051 2247 1060 2279 ΙΙ
1084 2255 1163 2273 areas
1184 2247 1223 2272 P.-
1243 2255 1337 2273 aereas
1357 2248 1441 2273 edidit

164 2276 280 2308 Daniel,
299 2285 383 2309 neque
402 2277 432 2302 F
433 2278 566 2304 niciensem
586 2279 727 2305 dissentire
747 2281 904 2306 adnotatum
926 2284 970 2307 est.
1009 2282 1042 2314 cf.
1064 2283 1100 2308 ad
1119 2283 1176 2309 bae.
1196 2283 1247 2309 VH
1267 2286 1297 2308 31
1315 2284 1323 2315 ΙΙ
1344 2285 1376 2308 20
1396 2291 1440 2308 ac-

166 2311 306 2345 cipiuntur
326 2312 366 2338 P:
385 2312 527 2346 accipiunt
544 2314 648 2340 Daniel
667 2315 752 2340 edidit
776 2324 859 2349 neque
884 2317 913 2342 in
933 2318 1081 2350 appendice
1099 2319 1243 2352 quicquam
1263 2318 1412 2343 adnotat-it.
1432 2318 1440 2337 Η

166 2349 200 2373 24
219 2347 272 2373 etsi
290 2347 352 2374 loco
373 2349 478 2374 motum
498 2350 566 2376 coni.
586 2349 766 2376 Burmannus

1466 429 1481 451 5

1468 697 1500 718 10

1467 963 1499 986 15

1465 1231 1499 1253 20
