1690 2611
211 122 287 148 XXII
743 124 958 152 PRAEFATIO.

210 205 295 237 tario
320 205 504 237 consentire
529 205 755 237 animadverti:
784 206 864 238 Aen.
887 206 933 238 XI
962 207 1022 238 143
1049 209 1080 238 et
1103 207 1204 239 Andr.
1226 207 1242 239 I
1268 209 1295 250 1,
1319 210 1376 251 81,
1415 209 1454 241 A.
1477 210 1492 241 I

213 259 274 290 727
301 261 333 290 et
357 259 456 290 Andr.
481 258 496 289 I
523 260 549 297 1,
574 259 631 299 88,
656 259 694 290 A.
719 259 765 290 IV
790 260 855 292 415
881 262 912 291 et
936 260 1034 291 Andr.
1061 260 1092 291 ΙΙ
1119 262 1146 302 1,
1172 262 1226 301 11,
1250 261 1288 293 Α.
1312 261 1375 294 XII
1398 264 1434 295 11
1461 265 1493 295 et

212 312 310 343 Andr.
336 312 384 343 III
409 313 442 353 2,
467 313 522 354 29,
561 313 599 344 A.
623 312 655 344 II
682 313 742 344 141
769 314 801 344 et
825 313 923 344 Andr.
947 314 996 345 III
1021 315 1050 355 3,
1075 314 1131 355 24,
1169 314 1207 346 A.
1231 315 1247 346 Ι
1272 316 1312 347 73
1337 318 1370 348 et
1392 317 1492 349 Andr.

212 365 258 397 IV
273 367 302 406 3,
321 367 335 397 1
363 366 403 397 ad
428 365 556 397 ‘fidem’
583 365 636 408 (ef.
653 365 740 398 Serv.
765 366 804 397 ad
828 366 866 397 A.
882 366 931 398 III
947 367 989 399 85
1005 369 1038 398 et
1055 367 1146 409 167),
1170 368 1208 399 A.
1224 368 1254 399 X
1272 369 1310 400 71
1337 371 1369 400 et
1393 369 1493 402 Andr.

210 419 257 451 IV
282 420 311 459 3,
339 421 353 450 1
381 419 420 450 ad
446 419 588 460 ‘fidem'3
615 419 653 452 A.
677 419 709 451 ΙΙ
737 420 799 450 124
825 422 856 451 et
880 431 950 451 eun.
974 420 1005 451 II
1022 421 1051 462 3,
1067 421 1122 462 90,
1147 421 1185 453 A.
1200 421 1264 453 XII
1279 422 1342 454 553
1367 425 1399 455 et
1422 435 1493 455 eun.

211 473 258 504 IV
286 474 312 513 1,
340 473 392 514 12,
417 473 454 504 A.
479 473 525 505 IV
550 474 615 505 448
641 476 673 504 et
696 473 763 504 1166.
788 472 803 504 Ι
827 474 856 514 2,
880 474 937 514 48,
968 474 1005 505 A.
1029 474 1045 505 I
1069 474 1134 506 536
1159 477 1191 506 et
1215 475 1283 507 1166.
1306 475 1323 507 Ι
1347 477 1376 517 2,
1401 477 1493 519 841),

211 527 248 558 A.
273 527 287 558 Ι
311 527 353 558 47
379 528 411 558 et
434 527 501 558 1166.
527 526 576 558 III
601 527 630 568 4,
657 527 689 568 7,
714 526 751 558 A.
775 526 807 558 ΙΙ
833 527 897 558 548
923 529 955 558 et
980 527 1106 568 adelph.
1130 528 1145 559 Ι
1170 529 1198 569 2,
1215 530 1272 570 36,
1296 529 1335 561 A.
1351 529 1415 562 XII
1429 531 1491 562 657

212 583 244 612 et
273 580 400 622 adelph.
424 580 456 612 II
484 582 515 621 1,
539 581 595 621 533
638 580 676 611 A.
700 580 746 611 IV
771 580 812 611 99
844 582 876 612 et
907 581 1032 622 adelph.
1056 581 1089 612 ΙΙ
1114 582 1147 623 2,
1173 583 1228 623 39,
1271 584 1309 614 A.
1333 584 1348 615 Ι
1373 584 1437 615 605
1462 586 1494 616 et

212 634 338 675 adelph.
363 633 411 665 III
437 635 470 675 2,
497 635 529 675 6,
564 634 602 665 A.
628 634 676 665 IV
701 634 765 665 245
791 636 823 665 et
848 634 975 675 adelph.
999 634 1048 666 III
1074 636 1108 676 2,
1132 636 1187 676 21,
1212 637 1250 667 Α.
1274 637 1321 668 IV
1344 637 1408 669 408
1426 649 1494 679 sqq.

212 690 244 719 et
268 688 395 729 adelph.
418 687 465 719 IV
490 688 519 727 5,
544 688 600 727 31,
625 687 663 718 A.
688 687 721 718 II
745 688 809 719 203
835 690 867 719 et
891 688 1015 729 adelph.
1039 689 1086 721 IV
1112 690 1140 730 7,
1155 690 1176 721 4
1201 689 1253 732 (ef.
1281 690 1368 722 Serv.
1393 691 1431 722 ad
1456 691 1494 722 A.

213 741 245 772 ΙΙ
271 740 364 783 270),
389 742 426 772 A.
451 741 496 771 IV
521 741 563 772 99
589 743 621 772 et
648 742 708 772 127
736 743 767 772 et
793 741 919 782 adelph.
943 742 973 773 V
999 743 1026 783 7,
1052 743 1087 784 7,
1111 744 1149 774 A.
1170 743 1199 774 V
1224 744 1287 775 623
1313 746 1345 775 et
1369 744 1494 785 adelph.

212 793 241 825 V
268 795 302 835 8,
327 793 397 837 6²);
436 795 474 826 A.
498 795 513 825 I
538 795 602 826 535
628 796 659 825 et
684 794 813 826 Phorm.
837 794 869 826 II
893 796 922 836 2,
948 796 1006 836 22,
1048 796 1085 828 A.
1109 796 1140 827 ΙΙ
1167 797 1230 828 720
1254 799 1287 828 et
1310 797 1439 829 Phorm.
1462 797 1494 828 Π

213 849 242 889 3,
269 849 318 879 73.
370 848 431 879 (1110
457 848 561 879 habeo
588 859 669 889 quae
693 848 768 879 111116
793 848 950 880 similium
974 849 1118 881 locorum
1142 850 1241 881 indici
1266 850 1394 882 addam:
1432 851 1495 892 pri-

213 913 301 933 mum
331 902 469 933 multum
498 902 611 932 abesse
639 904 675 933 ut
704 903 814 933 omnia
843 913 925 943 quae
950 902 1097 934 Donatus
1127 903 1160 934 in
1185 903 1382 936 Terentiano
1411 915 1495 935 eom-

214 956 371 987 mentario
397 955 566 986 occasione
592 955 702 986 oblata
727 954 764 986 de
776 954 916 996 Vergilii
944 956 1050 987 verbis
1075 956 1192 988 dixerit
1216 957 1251 988 in
1267 956 1420 989 Serviano
1442 959 1498 989 aut

213 1010 247 1041 in
272 1009 415 1050 pleniore
440 1009 673 1041 commentario
698 1009 918 1041 inveniantur:
943 1012 979 1041 ut
1003 1010 1036 1041 in
1060 1010 1111 1042 his
1137 1011 1215 1042 satis
1240 1011 1346 1042 multa
1370 1011 1497 1042 videan-

214 1065 267 1094 tur
293 1063 415 1094 omissa
439 1074 509 1094 esse
535 1074 616 1104 quae
641 1062 807 1094 Donatum
833 1063 872 1094 ad
896 1063 1036 1104 Vergilii
1060 1064 1204 1095 carmina
1230 1064 1401 1096 adnotasse
1426 1075 1498 1105 pro-

214 1117 366 1148 babiliter
390 1116 577 1147 coniciatur.
621 1116 734 1147 deinde
759 1127 873 1148 moneo
899 1128 971 1148 cum
996 1118 1122 1159 aliquot
1146 1118 1239 1159 locis,
1265 1118 1366 1149 veluti
1390 1117 1428 1150 A.
1451 1118 1497 1149 XI

217 1171 277 1202 143
303 1173 336 1201 et
360 1169 422 1201 XII
448 1170 525 1210 657,
560 1169 700 1211 Vergilii
730 1170 890 1211 interpres
926 1171 1052 1211 plenius
1078 1173 1110 1202 et
1133 1172 1258 1203 doctius
1284 1171 1499 1212 disputaverit

215 1235 312 1265 quam
327 1223 486 1264 Donatus,
510 1234 701 1255 consensum
722 1224 776 1264 qui
792 1224 878 1255 inter
892 1225 1064 1266 utrumque
1085 1227 1135 1256 est
1154 1225 1201 1256 ita
1221 1225 1375 1266 explicari
1393 1236 1499 1266 posse,

216 1280 250 1309 ut
275 1278 307 1308 in
333 1277 477 1318 pleniore
503 1278 735 1309 commentario
760 1278 791 1308 id
816 1278 975 1309 scholium
995 1281 1158 1310 servatum
1180 1289 1249 1310 esse
1269 1278 1393 1310 dicatur
1413 1278 1498 1320 quod

214 1332 283 1372 ipse
309 1330 458 1362 Donatus
489 1330 696 1371 excerpserit:
734 1330 796 1362 nisi
826 1331 897 1372 quis
923 1342 960 1362 ea
983 1343 1017 1363 re
1042 1331 1179 1364 Vseneri
1204 1332 1399 1363 sententiam
1424 1343 1497 1364 eon-

214 1385 337 1415 firmari
357 1386 461 1425 putat,
483 1384 537 1425 qui
552 1384 782 1415 Terentianum
804 1385 1074 1416 commentarium
1094 1386 1127 1416 in
1147 1385 1274 1417 brevius
1295 1387 1497 1417 contractum

214 1449 283 1469 esse
308 1438 371 1469 sibi
395 1438 566 1479 persuasit.

305 1491 400 1522 Haud
432 1501 535 1531 pauca
564 1491 746 1532 pleniorum
775 1492 934 1523 librorum
960 1492 1183 1524 additamenta
1207 1493 1247 1524 ad
1272 1504 1365 1524 suum
1390 1495 1498 1524 aucto-

181 1547 281 1587 ‘Jrem
307 1544 425 1575 referre
450 1544 572 1584 liceret,
598 1544 625 1575 si
649 1544 797 1585 indagari
820 1547 932 1586 posset
956 1545 1039 1576 unde
1065 1557 1102 1577 ea
1122 1546 1268 1578 derivata
1288 1548 1396 1578 essent
1416 1558 1498 1587 quae

68 1602 88 1614 ⁰¹
123 1601 138 1641 ζ
173 1602 197 1640 ζ
217 1598 254 1629 (16
270 1597 470 1639 Vergilianis
496 1597 740 1638 quaestionibus
766 1609 784 1629 a
807 1597 972 1630 Maerobio
997 1599 1030 1630 in
1056 1598 1315 1631 Saturnaliorum
1335 1599 1427 1631 libris
1448 1611 1498 1631 ex-

177 1655 208 1667 ¹²¹²
218 1652 326 1692 posita
351 1653 432 1682 sunt.
471 1662 545 1682 nam
572 1650 674 1682 Servii
699 1652 967 1682 commentarium
992 1652 1031 1683 ab
1058 1663 1094 1683 eo
1119 1663 1183 1684 non
1204 1663 1273 1684 esse
1294 1652 1499 1694 exscriptum,

217 1705 248 1736 id
283 1705 368 1746 quod
402 1704 648 1746 quaestionibus
683 1704 847 1736 Servianis
881 1704 976 1736 Halis
1011 1717 1037 1736 a.
1064 1706 1147 1737 1867
1183 1705 1278 1737 editis
1312 1706 1498 1737 confirmari

217 1759 319 1799 volui,
353 1758 451 1789 etiam
476 1769 559 1789 1111116
584 1760 688 1789 teneo.
740 1758 890 1790 videntur
915 1760 1106 1800 argumenta
1131 1759 1247 1800 quibus
1272 1759 1306 1790 in
1329 1759 1388 1790 illa
1413 1770 1497 1790 eom-

216 1811 415 1843 mentatione
445 1822 523 1842 usus
553 1823 624 1842 suin
654 1812 715 1843 1106
740 1812 809 1843 1060
835 1812 945 1852 paucis
970 1813 1252 1844 commemoranda
1276 1824 1355 1844 esse.
1402 1814 1497 1854 atque

216 1918 303 1944 Ithen.
320 1917 410 1943 XXIII
427 1927 452 1951 p.
465 1920 516 1943 493
528 1926 601 1951 sqq.⁷
621 1917 668 1950 qui
689 1926 736 1943 eos
757 1926 805 1943 nec
826 1916 950 1951 integros
971 1919 1095 1944 servatos
1116 1919 1144 1944 et
1164 1927 1225 1944 cum
1246 1917 1365 1944 aliorum
1386 1917 1501 1944 scholiis

217 1957 380 1984 coniunctos
401 1967 460 1984 esse
481 1957 583 1984 docuit.
723 1959 747 1989 1)
773 1956 875 1983 Donati
896 1956 1032 1983 scholium
1052 1958 1105 1984 1106
1126 1959 1168 1984 est
1195 1964 1304 1982 1710ch
1324 1959 1503 1992 (lispoliatriae

216 2000 239 2024 ει
258 2001 355 2031 petuam
377 1998 521 2031 ‘procare’
545 1998 615 2023 enim
635 1999 671 2023 est
687 2000 776 2031 petere
784 2007 791 2022 .·
818 1997 954 2032 I'eryilius
971 1998 1143 2031 ‘procacibus
1163 1998 1287 2031 cwstris’,
1306 1999 1336 2024 id
1356 2001 1393 2024 est
1412 1999 1500 2032 impu-

216 2038 355 2069 dentibus,-
385 2047 449 2064 uam
473 2038 520 2072 qui
544 2038 657 2064 multum
678 2038 748 2070 petit
771 2038 913 2071 impudens
937 2041 974 2064 est
1000 2041 1024 2064 et
1044 2047 1164 2071 procum:
1185 2038 1263 2072 {unde
1287 2041 1310 2065 et
1329 2039 1409 2072 proci
1433 2039 1501 2065 dicti

215 2081 279 2104 sunt
306 2079 353 2111 qui
379 2079 453 2110 filias
480 2080 585 2105 alienas
611 2079 642 2104 in
668 2078 872 2104 matrimonium
893 2079 1038 2111 petierunt.
1079 2087 1140 2104 cum
1166 2078 1209 2104 his
1234 2078 1303 2105 utile
1328 2079 1370 2104 est
1393 2077 1501 2104 scholia

216 2118 252 2144 ad
272 2117 388 2151 Vergilii
414 2127 523 2145 versum
549 2118 689 2152 adscripta
714 2126 882 2151 comparare.
921 2126 983 2144 nain
1010 2127 1070 2144 cum
1096 2118 1219 2145 dubitari
1242 2127 1296 2145 non
1319 2118 1408 2152 possit
1433 2117 1500 2151 quin

217 2157 327 2185 Servius
350 2158 458 2184 Donato
478 2168 541 2184 usus
562 2159 605 2190 sit,
627 2158 693 2184 satis
715 2158 830 2184 ridicule
851 2166 922 2190 quae
942 2158 969 2183 in
991 2166 1045 2184 uno
1065 2157 1225 2184 Cassellano
1245 2159 1341 2184 extant
1362 2158 1498 2191 ‘procaci-

217 2198 282 2225 bus’
304 2199 520 2232 impudentibus,
545 2207 616 2232 quae
637 2199 671 2224 ab
693 2198 789 2225 eodem
811 2198 919 2224 Donato
940 2198 1065 2231 profecta
1085 2199 1158 2230 sunt,
1180 2197 1243 2224 aliis
1262 2198 1430 2224 tribuuntur.

307 2241 334 2270 2)
355 2238 407 2264 1106
428 2237 534 2263 scholio
554 2246 615 2263 cum
637 2238 664 2264 id
686 2239 752 2271 agat
772 2238 913 2268 Donatus,
940 2239 970 2263 ut
990 2238 1130 2264 oratoriae
1151 2238 1218 2264 artis
1239 2238 1315 2271 leges
1334 2246 1350 2264 a
1369 2237 1499 2264 Teientio

218 2277 378 2304 observatas
404 2286 463 2303 esse
489 2278 667 2311 ostendatur,
698 2279 770 2310 haud
795 2278 851 2304 scio
877 2276 911 2303 'an
939 2277 1042 2303 similia
1062 2276 1225 2311 Vergiliana
1249 2276 1354 2303 scholia
1378 2279 1442 2311 apte
1463 2277 1498 2303 ad

219 2317 360 2344 Donatum
386 2318 554 2349 referantur,
584 2318 671 2344 velut-i
696 2326 766 2351 quae
791 2318 825 2344 ad
848 2317 916 2344 Aen.
938 2318 946 2343 I
969 2320 1002 2343 65
1028 2317 1061 2343 (16
1082 2316 1206 2349 lunonis,
1236 2316 1247 2341 I
1270 2319 1320 2342 522
1341 2316 1374 2342 de
1394 2316 1502 2350 Ilionei,

218 2358 227 2383 I
250 2361 299 2384 604
321 2358 354 2383 de
375 2357 498 2389 Veneris,
520 2358 543 2383 Il
564 2360 615 2384 288
626 2366 685 2391 sqq.
707 2359 739 2384 (16
761 2357 887 2384 Hectoris
907 2358 1031 2384 oratione
1052 2356 1185 2383 adnotata
1205 2356 1277 2382 sunt.
