1690 2611
185 416 199 437 θ’

166 682 199 705 10

167 949 198 971 15

221 116 241 146 4
803 104 923 146 sumzu

222 197 337 228 titulus
363 200 411 229 est
437 198 567 236 Aeneis,
592 198 806 231 derivativum
830 211 948 232 nomen
973 201 1012 232 ab
1033 200 1157 242 Aenea,
1181 203 1217 232 ut
1236 213 1255 233 a
1274 202 1398 234 Theseo
1419 202 1500 234 The-

222 250 294 281 seis,
346 251 392 282 sic
425 251 588 283 Iuvenalis
627 256 787 284 vexatus
824 254 972 286 totiens
1010 254 1115 285 rauci
1153 254 1342 286 Theseide
1375 254 1501 287 Codri.

221 303 361 343 qualitas
386 305 536 335 carminis
561 307 664 346 patet3
688 317 765 337 nam
789 309 838 338 est
862 308 1002 338 metrum
1026 307 1191 338 heroicum
1211 309 1243 338 et
1262 309 1351 340 actus
1372 309 1501 350 mixtus,

220 356 275 387 ubi
296 359 328 387 et
348 359 445 397 poeta
464 358 607 399 loquitur
627 360 659 389 et
679 359 760 390 alios
780 359 902 392 inducit
926 361 1102 402 loquentes.
1141 362 1191 392 est
1211 363 1318 392 autem
1337 361 1500 393 heroicum

221 410 304 450 quod
329 413 458 443 constat
482 423 520 443 ex
551 412 668 443 divinis
697 413 911 454 humanisque
939 414 1100 454 personis,
1129 414 1295 445 continens
1324 426 1400 446 vera
1429 426 1500 446 cum

220 463 316 505 fictis3
349 475 425 496 nam
450 464 592 496 Aeneam
623 466 663 496 ad
686 465 819 497 Italiam
848 467 973 498 venisse
1004 467 1214 499 manifestum
1247 470 1309 508 est,
1342 467 1500 499 Venerem

219 527 295 547 vero
324 517 466 549 locutam
494 529 566 549 cum
595 518 670 550 Iove
699 520 873 551 missumve
902 519 1098 552 Mercurium
1129 522 1257 551 constat
1286 531 1354 552 esse
1385 531 1501 562 conpo-

219 569 326 602 situm.
373 573 423 602 est
456 574 564 603 autem
597 572 691 603 stilus
725 573 971 615 grandiloquus,
1006 574 1060 614 qui
1094 575 1221 606 constat
1254 574 1321 605 alto
1354 585 1501 606 sermone

219 623 410 664 magnisque
431 625 610 656 sententiis.
649 625 767 657 scimus
788 626 872 657 enim
896 627 961 658 tria
986 637 1056 657 esse
1080 636 1198 667 genera
1218 627 1356 667 dicendi,
1379 627 1500 658 humile

219 675 359 707 medium
383 678 640 719 grandiloquum.
679 679 817 710 intentio
832 679 971 720 Vergilii
990 679 1070 710 haec
1089 682 1151 720 est,
1175 679 1353 711 Homerum
1377 680 1500 711 imitari

219 731 251 761 et
274 730 459 771 Augustum
487 731 620 762 laudare
649 743 667 763 a
690 732 894 774 parentibus3
924 744 1063 774 namque
1084 732 1142 764 *est
1169 732 1255 764 filius
1280 733 1390 774 Atiae,
1419 744 1500 774 quae

218 784 295 814 nata
324 786 374 815 est
401 784 438 815 cle
466 784 563 825 Iulia,
593 795 702 816 sorore
732 784 895 826 Caesaris,
928 785 1030 817 Iulius
1064 788 1172 817 autem
1206 785 1324 817 Caesar
1357 786 1397 817 ab
1429 785 1500 817 Iulo

217 836 346 868 Aeneae
375 837 535 878 originem
565 837 666 878 ducit,
696 840 731 869 ut
759 839 928 870 confirmat
958 840 1026 880 ipse
1051 839 1213 881 Vergilius
1239 850 1257 870 a
1280 849 1414 880 magno
1439 839 1500 870 de—

218 890 372 921 missum
398 902 532 922 nomen
556 891 649 922 Iulo.
688 891 726 923 de
745 903 878 923 numero
898 892 1057 924 librorum
1081 892 1172 923 nulla
1195 892 1247 923 hic
1272 894 1417 934 quaestio
1442 895 1500 934 est,

219 943 296 974 licet
319 944 351 974 in
376 944 447 975 aliis
473 944 657 975 inveniatur
683 945 884 986 auctoribus3
914 957 986 976 nam
1012 946 1165 977 Plautum
1189 945 1245 977 alii
1269 945 1380 977 dicunt
1403 957 1499 977 unam

219 998 251 1026 et
278 997 395 1037 viginti
423 997 552 1029 fabulas
585 998 769 1039 scripsisse,
803 998 860 1029 alii
891 999 1119 1040 quadraginta,
1153 998 1209 1030 alii
1238 1000 1375 1030 centum.
1422 999 1499 1030 ordo

219 1061 345 1091 quoque
370 1050 560 1082 manifestus
586 1053 647 1091 est,
672 1051 748 1082 licet
773 1051 903 1092 quidam
929 1052 1086 1092 superflue
1106 1051 1215 1083 dicant
1239 1052 1412 1083 secundum
1437 1052 1500 1092 pri-

218 1114 306 1134 mum
330 1114 412 1144 esse,
437 1104 570 1135 tertium
595 1104 783 1145 secundum,
808 1107 840 1136 et
863 1105 1003 1145 primum
1027 1105 1173 1146 tertium,
1197 1105 1268 1136 ideo
1294 1105 1369 1146 quia
1392 1105 1497 1146 primo

217 1156 313 1187 Ilium
338 1157 491 1198 concidit,
515 1159 590 1198 post
610 1157 731 1188 erravit
751 1156 891 1198 Aeneas,
915 1157 988 1188 inde
1008 1157 1047 1188 ad
1067 1156 1203 1189 Didonis
1223 1168 1324 1199 regna
1342 1158 1499 1199 pervenit,

187 1216 191 1217 ⁷
217 1210 396 1241 nescientes
426 1210 510 1242 hanc
540 1222 608 1242 esse
634 1212 737 1242 artem
760 1210 936 1251 poeticam,
967 1213 1002 1241 ut
1031 1221 1050 1241 a
1078 1211 1190 1242 mediis
1221 1211 1413 1252 incipientes
1442 1222 1499 1252 per

288 1318 303 1340 2
325 1315 475 1349 Iuvenalis]
497 1316 576 1341 sat.I
596 1319 611 1342 2
635 1317 644 1349 11
669 1319 700 1342 12
722 1316 807 1342 Iulius
827 1317 921 1342 autem
939 1337 943 1341 .
965 1337 969 1342 .
991 1337 996 1341 .
1017 1324 1118 1342 nomen
1144 1316 1216 1351 Iulo]
1242 1324 1327 1342 exscr.
1349 1316 1413 1344 Isid.
1430 1316 1497 1350 orig.

218 1350 254 1376 IX
275 1354 299 1383 3,
317 1354 365 1384 1³]
394 1353 424 1376 13
445 1351 597 1385 Vergilius]
618 1353 650 1378 A.
672 1353 682 1378 1
702 1354 753 1377 288

216 1449 247 1474 in
262 1449 341 1475 libris
355 1449 558 1482 recentioribus,
575 1450 658 1475 veluti
672 1450 822 1476 Dresdensi
835 1450 883 1476 1100
897 1450 974 1475 modo
988 1449 1076 1475 Periit
1090 1450 1183 1476 autem
1199 1450 1321 1483 Tarenti,
1336 1450 1365 1476 in
1380 1450 1497 1484 Apuliae

217 1484 341 1510 viuitate.
379 1492 443 1510 nam
470 1485 536 1510 dum
560 1485 754 1518 Metapontum
779 1485 857 1518 cupit
883 1485 993 1517 uidere,
1023 1485 1212 1511 ualetudinem
1241 1494 1274 1511 ex
1303 1486 1369 1512 solis
1399 1486 1497 1512 ardore

217 1520 362 1545 contraxit.
401 1520 526 1553 sepultus
552 1522 595 1546 est
618 1522 713 1546 autem
733 1521 863 1554 Neapoli:
890 1521 918 1546 in
943 1521 1020 1546 cuius
1044 1521 1151 1547 tumulo
1177 1521 1211 1547 ab
1231 1520 1293 1554 ipso
1313 1521 1498 1555 compositum

216 1556 257 1581 cst
275 1555 333 1581 tale
354 1555 505 1581 distichon:
525 1556 640 1582 Mantua
659 1564 703 1582 me
723 1557 832 1589 genuit,
853 1556 963 1582 Calabri
982 1565 1114 1590 rapuere,
1134 1558 1211 1583 tenet
1226 1565 1297 1582 nunc
1312 1557 1496 1590 Parthenope.

216 1591 304 1617 cecini
324 1599 427 1624 pascua
445 1600 510 1617 rura
528 1591 619 1618 duces.
635 1592 644 1625 11
661 1595 673 1617 1
692 1591 800 1617 Titulus
820 1592 950 1617 carminis
970 1593 1012 1617 est
1027 1592 1127 1618 Aeneis
1147 1613 1151 1618 .
1169 1613 1174 1617 .
1191 1614 1196 1618 .
1217 1593 1327 1618 constat
1346 1601 1403 1619 esse
1424 1600 1496 1618 com-

216 1626 338 1659 positum
357 1627 436 1653 habet
451 1627 479 1652 P
495 1628 504 1660 11
524 1629 566 1653 est
585 1636 634 1653 om.
650 1627 676 1652 B
691 1627 700 1660 11
719 1627 842 1653 aeuoidis
864 1627 905 1660 011
926 1627 1105 1653 diriuatiuum
1121 1627 1184 1653 LH
1196 1628 1204 1661 11
1219 1627 1254 1653 ab
1269 1628 1376 1662 Aenea]
1396 1627 1497 1659 aQae-

216 1671 268 1688 nea
288 1663 312 1687 G
331 1663 339 1695 11
361 1666 375 1688 2
396 1662 434 1688 sic
455 1670 503 1688 0111.
526 1663 548 1688 C
564 1664 573 1696 11
594 1663 683 1696 rauci]
704 1671 752 1688 rau
773 1663 797 1687 (τ’
826 1664 875 1688 aut
894 1663 933 1695 L,
952 1663 997 1688 sed
1017 1663 1107 1689 eadem
1125 1671 1223 1688 manus
1242 1663 1318 1689 rauci
1337 1671 1468 1696 superscr.
1488 1664 1497 1697 11

216 1702 231 1723 3
251 1699 282 1723 ut
301 1700 378 1723 actus
401 1698 424 1723 B
439 1699 448 1731 11
469 1701 483 1723 5
505 1706 567 1723 011111
587 1698 670 1732 fictis]
692 1698 816 1724 confictis
836 1699 883 1732 1111
903 1702 917 1724 6
938 1706 1053 1724 aeneam
1074 1698 1126 1723 CL
1154 1706 1259 1724 aenean
1277 1699 1382 1732 reliqui.
1421 1700 1498 1725 semel

215 1741 307 1759 moneo
327 1734 456 1759 librarios
475 1734 505 1759 tn
524 1734 574 1759 hac
593 1735 683 1765 forma
701 1734 845 1760 scribenda
859 1742 963 1767 parum
977 1734 1030 1759 sibt
1047 1734 1203 1765 constitisse,
1224 1737 1247 1759 et
1260 1734 1382 1760 Aeneam
1398 1735 1496 1768 ubique

215 1776 254 1793 me
273 1769 440 1801 scriptur-ima
459 1777 512 1794 esse
532 1770 663 1795 librorum
682 1770 841 1795 testimoniis
860 1777 915 1795 ’11011
935 1770 1045 1795 additis.
1060 1770 1069 1803 11
1084 1771 1099 1794 8
1119 1769 1297 1802 grandiloeus
1315 1770 1371 1795 GL
1384 1770 1393 1803 11
1409 1774 1423 1796 9
1444 1770 1495 1796 sci-

215 1813 276 1829 mus
292 1803 365 1829 enim
381 1813 400 1829 0.
417 1813 439 1837 q.
455 1804 487 1838 s.]
509 1804 564 1830 tria
578 1813 682 1838 genera
697 1804 805 1830 (licendi
822 1806 885 1831 sunt
899 1813 969 1837 quac
985 1804 1030 1830 hic
1045 1805 1233 1837 continentur,
1253 1805 1357 1830 humile
1373 1805 1495 1831 medium

215 1839 441 1872 grandiloquum.
472 1841 500 1865 et
519 1840 588 1865 haec
603 1849 647 1866 ars
662 1840 691 1865 in
706 1840 818 1866 laudem
834 1840 953 1874 Augusti
973 1840 1048 1866 facta
1065 1842 1120 1873 est,
1141 1840 1276 1873 incipiens
1295 1849 1312 1866 a
1330 1841 1497 1874 genealogia

215 1875 298 1900 illius.
332 1874 398 1900 ordo
418 1876 512 1900 autem
532 1876 696 1901 manifestus
717 1878 771 1908 est,
791 1876 858 1902 licet
877 1875 990 1909 quidam
1010 1875 1106 1901 dicunt
1125 1875 1275 1901 secundum
1295 1876 1416 1909 primum
1436 1885 1495 1902 esse

217 1931 221 1936 .
239 1931 243 1936 .
261 1931 265 1936 ,
287 1911 397 1943 teinpus
414 1910 533 1936 omittat.
564 1911 651 1937 tribus
667 1911 756 1937 modis
772 1911 861 1937 omnis
877 1910 1028 1937 auctoritas
1048 1911 1159 1944 poetica,
1179 1912 1300 1944 constat,
1321 1911 1494 1945 praefatione

216 1945 392 1972 inuocatione
412 1946 583 1979 narratione,
607 1947 685 1972 uelut
710 1947 755 1972 1110
774 1947 912 1973 habentur
936 1947 1072 1980 praefatio
1099 1947 1192 1972 ‘arma
1211 1946 1329 1980 uirum',
1353 1947 1495 1973 inuocatio

216 1981 307 2007 ‘musa
327 1981 416 2014 niihi’,
437 1982 559 2007 narratio
582 1982 658 2008 ‘urbs
674 1983 789 2015 antiqua
803 1982 878 2008 fuit’.
896 1982 923 2007 I’
935 1983 943 2015 11
959 1990 1016 2008 esse
1037 1990 1086 2008 om.
1104 1982 1126 2007 C
1138 1983 1147 2015 11
1162 1982 1266 2008 humile
1286 1991 1318 2008 em
1338 1983 1436 2008 humili
1453 1983 1475 2008 O
1486 1983 1495 2017 11

218 2020 248 2042 10
269 2017 402 2050 modium}
424 2017 451 2042 i‹l
468 2018 491 2043 G
507 2018 515 2050 11
530 2018 735 2051 grandiloqium
752 2018 778 2043 B
808 2018 1005 2050 grandiloqum
1021 2018 1043 2043 G
1055 2018 1064 2051 11
1076 2021 1136 2051 pos!
1157 2018 1275 2044 intentio
1295 2018 1366 2044 (tuae
1384 2019 1424 2044 vet
1443 2020 1495 2044 tres

215 2053 320 2078 litterae
339 2061 431 2078 frasne
449 2056 513 2079 smzt
532 2055 563 2079 in
584 2053 606 2079 G
624 2055 633 2086 11
658 2057 688 2079 11
710 2053 791 2079 Atiae
813 2054 846 2079 G:
868 2053 941 2079 atiac
961 2054 1000 2085 B,
1019 2055 1064 2079 sect
1083 2053 1155 2079 inter
1173 2062 1190 2079 a
1209 2056 1233 2079 et
1251 2054 1263 2078 t
1283 2062 1296 2079 c
1316 2054 1356 2079 vet
1374 2053 1388 2078 Γ
1401 2061 1494 2086 super-

969 2104 980 2116 C

213 2124 325 2157 scripta,
341 2123 428 2149 sanae
445 2125 467 2149 (ι’
476 2124 549 2157 LII,
570 2125 626 2150 nisi·
641 2125 711 2157 quod
727 2124 739 2149 s
750 2132 829 2150 crasa
848 2124 878 2149 in
894 2124 932 2155 H,
961 2123 1034 2149 atriae
1052 2124 1144 2150 Paris.
1173 2123 1263 2150 actiae
1280 2124 1316 2149 M
1341 2123 1431 2150 actiae
1448 2124 1477 2149 E
1486 2125 1493 2159 11

214 2168 284 2191 quae
299 2160 376 2193 nata]
393 2159 439 2190 (1111
456 2161 536 2185 natus
554 2159 586 2191 C,
605 2162 650 2185 sert
665 2160 711 2192 qui
726 2162 858 2186 mutatum
875 2160 906 2185 in
921 2168 973 2192 quc
989 2162 1012 2185 et
1027 2168 1059 2185 us
1074 2160 1178 2186 litterae
1192 2167 1285 2186 erasae
1298 2159 1307 2192 11
1323 2162 1354 2184 13
1370 2160 1493 2193 Aeneae}

214 2202 317 2221 aeneae
345 2195 400 2220 lilio
420 2195 491 2223 liti,
519 2196 565 2221 sed
594 2195 649 2221 lilio
674 2196 707 2221 ab
733 2195 790 2221 alin
813 2203 898 2220 ‘ntumt
922 2196 1044 2221 additum
1074 2196 1181 2221 videtur
1208 2195 1239 2220 in
1263 2194 1287 2220 G
1316 2195 1344 2220 et
1367 2203 1453 2220 aenea
1474 2195 1496 2219 U

215 2230 328 2264 ‹enccsssss
348 2230 377 2255 ll
396 2231 477 2261 (dunc
492 2231 597 2256 litterae
612 2240 704 2257 erasae
718 2233 792 2263 suut)
807 2231 815 2263 11
831 2230 966 2263 originem
986 2239 1035 2257 om.
1052 2231 1081 2256 H
1095 2231 1104 2264 11
1121 2233 1151 2256 14
1171 2229 1314 2256 dimissum
1330 2230 1355 2254 R
1365 2230 1494 2256 Paris.ll

216 2267 330 2291 missum
352 2266 380 2291 l«)
392 2267 401 2298 11
418 2269 448 2291 15
471 2265 568 2298 uiginti
591 2267 619 2291 ct
637 2275 719 2292 unani
740 2266 850 2292 fabulas
865 2267 891 2291 B
903 2267 994 2292 Paris.
1004 2266 1072 2292 GM
1099 2265 1200 2299 uiginti
1220 2266 1248 2290 et
1266 2273 1349 2291 unam
1369 2265 1492 2291 fabulam

218 2302 275 2327 Ι1ΙΙ
285 2302 310 2326 l«)
338 2301 447 2327 fabulas
467 2301 607 2335 scripsisse
624 2302 684 2327 XX}
704 2302 746 2335 (111
764 2305 792 2327 17
810 2301 988 2327 manifestum
1004 2302 1028 2327 ,Ι1
1047 2302 1126 2335 (corr.
1142 2302 1161 2333 t)
1176 2301 1185 2334 11
1202 2304 1232 2326 18
1251 2300 1352 2334 primo]
1373 2300 1492 2334 prinnini

214 2338 238 2363 J.
253 2338 262 2371 11
279 2341 309 2363 1⁴.)
330 2336 455 2363 condidit
474 2338 497 2363 (ι’
528 2337 628 2363 eccidit
649 2338 676 2362 If)
704 2337 837 2370 (1·(111011111
856 2340 878 2370 c)
893 2338 902 2371 11
916 2339 1014 2370 postca
1032 2337 1059 2362 B
1073 2337 1082 2370 11
1097 2337 1201 2362 eraruit
1220 2336 1243 2361 (ι’
1258 2337 1314 2370 1120
1336 2338 1394 2362 arte
1415 2337 1446 2362 ll
