1690 2611
223 108 309 135 LXVI
751 109 967 136 PRAEFATIO.

222 191 293 232 gilii
329 191 472 222 carmina
507 201 579 222 cum
613 191 743 222 scholiis
777 191 884 223 habet.
934 191 1059 232 inspexi
1092 191 1233 222 codicem
1266 191 1411 233 Parisiis,
1445 192 1499 223 sed

223 243 424 275 festinanter.
467 245 577 285 itaque
610 244 696 286 fugit
729 256 778 276 me
813 245 897 286 quod
931 244 1126 276 Thomasius
1158 244 1239 275 vidit
1272 243 1324 286 (cf.
1358 245 1441 276 essai
1471 257 1500 286 p.

226 298 285 329 118
303 297 384 339 sqq.)
417 299 501 329 inter
533 298 658 330 scholia
689 298 728 329 ad
761 298 913 329 Aeneidis
946 298 1045 329 libros
1070 297 1197 329 III-—V
1228 298 1390 339 adscripta
1422 299 1499 330 satis

223 351 326 382 multa
351 363 420 386 esse
444 351 626 383 Danielina.
670 363 750 393 quae
775 352 859 383 ratio
884 352 969 383 inter
992 351 1077 382 hune
1098 351 1240 383 codicem
1264 353 1296 382 et
1315 351 1497 384 Floriacen-

222 416 288 435 sem
314 405 493 437 intercedat
517 417 588 437 cum
613 406 807 437 Thomasius
838 406 876 437 de
902 405 1071 446 scripturis
1095 405 1183 436 illius
1207 405 1287 436 nihil
1312 405 1378 437 fere
1402 408 1499 438 testa-

221 461 274 489 tus
308 459 365 500 sit,
398 460 540 491 iudicare
572 471 637 492 non
672 470 813 500 possum.
861 470 1057 500 quamquam
1091 458 1175 499 quod
1209 459 1248 490 ad
1278 458 1358 490 Aen.
1386 459 1500 491 11140

222 512 428 555 Vcrgilianae
454 514 629 555 scripturae
659 513 910 554 discrepantiam
935 513 1096 554 quandam
1122 514 1406 544 commemoratam
1431 524 1500 544 esse

221 566 299 598 dicit
322 567 354 598 id
379 568 425 598 ita
450 568 653 609 interpretor,
678 569 713 598 ut
737 567 821 598 idem
845 567 969 598 laudari
983 568 1095 608 putem
1120 566 1206 608 quod
1230 567 1263 597 in
1287 565 1499 598 Floriacensis

221 621 367 662 margine
392 621 515 663 inveni,
539 622 664 653 auditus
687 632 745 662 pro
771 621 911 653 auditur:
944 620 1033 652 cuius
1059 620 1238 661 scripturae
1262 620 1295 651 in
1319 620 1390 661 ipso
1415 631 1499 652 com-

221 675 380 706 mentario
406 686 470 706 non
494 675 531 706 fit
556 675 686 706 mentio.
729 674 767 706 cf.
797 674 904 706 adnot.
933 674 1002 706 crit.
1032 674 1070 705 ad
1100 674 1119 705 1.
1147 674 1166 704 l.
1197 674 1348 715 quoniam
1376 673 1499 705 Floria-

221 728 325 759 censis
351 731 382 759 et
407 729 602 760 Turonensis
627 728 815 760 testimonia
838 739 923 760 nunc
948 728 1042 769 plene
1072 728 1158 759 edita
1187 729 1263 758 sunt
1291 738 1384 768 spero
1415 726 1498 758 codi-

220 793 288 813 cem
314 794 332 813 a
356 781 530 815 Thomasio
561 793 632 813 cum
662 782 713 813 his
744 783 968 822 comparatum
1001 782 1055 822 iri,
1087 782 1123 812 ut
1151 781 1360 821 intellegatur
1389 783 1498 812 utrum

220 836 366 876 proprias
392 836 527 867 virtutes
548 836 669 867 habeat
695 846 736 866 an
761 846 798 866 ex
823 835 894 875 ipso
920 834 1117 866 Floriacensi
1141 834 1278 865 fluxerit.

65 886 97 904 ΠΡ
113 886 211 909 emm*
310 888 355 919 Vt
379 889 489 930 paucis
515 889 713 930 complectar
733 888 809 930 quid
824 888 875 919 his
893 899 973 930 quac
993 888 1096 919 adhuc
1120 888 1255 929 exposui
1279 888 1318 919 ad
1343 888 1497 929 plenioris

77 914 200 936 pleniorem

69 943 204 960 commem*
221 944 444 974 commentarii
469 943 629 985 originem
646 954 683 974 ac
698 942 888 974 memoriam
904 942 1023 973 rectius
1044 941 1301 983 cognoscendam
1326 941 1502 982 profecisse

72 967 131 985 rium
147 974 206 986 eom⁴

68 995 341 1046 Zssffsstfffi'videar,
366 1008 476 1028 eorum
501 997 663 1028 sententia
687 996 848 1027 reicienda
873 997 922 1027 est
942 995 996 1037 qui
1013 995 1188 1037 genuinum
1214 994 1317 1026 Servii
1342 1006 1501 1027 commen-

57 1050 111 1073 ΜΡ*
129 1049 208 1071 ¹⁵³²¹³³·
220 1051 338 1082 tarium
372 1051 588 1092 deperditum,
623 1050 830 1082 Danielinum
866 1052 975 1081 autem
1010 1050 1077 1081 cius
1113 1049 1303 1081 similiorem
1338 1060 1406 1080 esse
1441 1048 1501 1080 sibi

218 1107 462 1146 persuaserunt,
487 1116 581 1146 quam
607 1104 786 1146 vulgatum.
826 1104 938 1135 deinde
969 1115 1039 1135 cuni
1070 1103 1181 1135 eadem
1205 1114 1263 1144 per
1286 1105 1393 1149 totum
1418 1114 1501 1134 com-

218 1160 412 1191 mentarium
437 1160 562 1191 ratione
587 1159 770 1200 eisdemque
802 1158 947 1189 artificiis
977 1156 1132 1189 Serviana
1157 1159 1189 1188 et
1218 1157 1323 1188 aliena
1352 1157 1436 1188 inter
1466 1168 1500 1188 se

218 1224 338 1245 conexa
364 1213 444 1254 sint,
468 1224 532 1244 non
558 1212 694 1244 diversis
710 1212 913 1252 temporibus
931 1213 962 1242 et
977 1211 1137 1253 gradatim
1164 1210 1269 1252 quasi,
1294 1209 1348 1242 sed
1373 1210 1413 1241 ab
1434 1221 1499 1241 uno

217 1267 346 1298 homine
382 1267 431 1298 vel
462 1269 546 1298 certe
581 1266 674 1297 unius
708 1265 849 1296 hominis
882 1265 1017 1296 consilio
1052 1275 1088 1295 ea
1121 1275 1173 1295 res
1205 1263 1330 1295 videtur
1354 1263 1500 1295 confecta

218 1321 328 1363 esse.¹)
372 1321 426 1362 qui
452 1320 567 1361 quibus
601 1319 753 1351 subsidiis
783 1330 860 1350 usus
890 1329 960 1349 esse
988 1317 1151 1349 videretur
1181 1328 1278 1358 supra
1311 1316 1499 1359 significavi.

217 1376 313 1415 atque
348 1386 366 1405 a
400 1373 709 1405 commentatoribus
745 1371 916 1403 Danielina
950 1371 1074 1402 scholia
1106 1371 1258 1412 pleraque
1290 1371 1394 1411 petita
1428 1381 1497 1402 esse

217 1440 289 1459 cum
324 1440 361 1459 ex
397 1439 429 1459 se
463 1427 667 1468 intellegitur
695 1428 765 1456 tum
800 1425 878 1456 satis
915 1425 1009 1456 certis
1045 1424 1199 1465 exemplis
1233 1425 1406 1465 probatum
1441 1426 1498 1455 est.

216 1482 294 1513 item
320 1481 462 1512 dubitari
491 1481 545 1511 vix
572 1482 682 1520 potest
714 1479 791 1520 quin
815 1478 969 1519 plenioris
1001 1477 1224 1509 commentarii
1254 1478 1379 1509 auctori
1408 1479 1440 1508 et
1471 1477 1498 1508 is

217 1535 299 1566 liber
323 1545 417 1576 quem
441 1533 626 1565 Macrobius
652 1532 823 1573 exscripsit
847 1534 879 1562 et
905 1531 1021 1562 Isidori
1043 1531 1184 1572 origines
1210 1530 1249 1562 ad
1275 1542 1404 1562 manum
1430 1531 1496 1562 fue-

215 1589 290 1620 rint.
327 1590 455 1629 praeter
479 1587 538 1619 hos
562 1587 665 1618 libros
690 1586 872 1617 fabularum
895 1585 1045 1616 volumen
1066 1585 1212 1626 aliquod,
1236 1584 1318 1626 quod
1343 1595 1408 1616 non
1432 1584 1497 1615 iam

216 1644 318 1683 extat,
347 1642 387 1673 ad
419 1640 602 1683 augendum
634 1639 825 1672 Servianum
855 1639 1122 1670 commentarium
1154 1638 1193 1670 ab
1225 1638 1280 1669 illo
1314 1637 1495 1669 adhibitum

216 1708 284 1727 csse
309 1695 477 1737 probabile
503 1697 561 1726 est.
603 1694 739 1735 denique
764 1693 847 1724 inter
872 1703 909 1723 ea
929 1703 1010 1734 quae
1035 1692 1216 1733 pleniorum
1241 1691 1398 1723 librorum
1422 1702 1494 1732 pro-

215 1751 285 1790 pria
310 1751 385 1781 sunt
409 1749 616 1781 inveniuntur
641 1758 722 1788 quae
747 1757 784 1778 ex
806 1746 948 1787 antiquis
965 1746 1134 1787 glossariis
1149 1745 1277 1786 possint
1300 1745 1496 1786 transcripta

306 1865 329 1897 1)
350 1871 439 1897 neque
459 1865 554 1890 tamen
578 1861 683 1889 infitior
703 1860 788 1888 etiam
814 1860 939 1887 confecto
964 1859 1084 1894 pleniori
1110 1859 1311 1887 commentario
1335 1868 1352 1886 a
1374 1859 1495 1886 librariis

214 1905 297 1938 paulo
318 1903 490 1931 doctioribus
509 1912 600 1937 pauca.
627 1901 762 1935 quaedam
787 1900 856 1926 addi
881 1901 1006 1935 potuisse
1025 1902 1074 1927 aut
1094 1900 1232 1927 Serviano
1253 1898 1416 1934 exemplari,
1441 1907 1496 1933 quo

215 1944 347 1978 plenioris
368 1943 563 1971 commentarii
583 1943 680 1968 auctor
700 1942 838 1971 uteretur,
858 1941 966 1974 aliquot
985 1941 1056 1967 locis
1076 1940 1169 1967 aliena
1188 1939 1330 1974 adscripta
1349 1939 1443 1972 fuisse,
1464 1940 1496 1965 ut

213 1985 355 2011 breviores
376 1984 439 2011 libri
461 1984 489 2009 in
506 1983 681 2017 nnuginibus
702 1983 751 2008 aut
770 1980 855 2007 etiam
876 1980 904 2006 in
924 1981 1056 2007 contextu
1072 1980 1210 2014 quaedam
1230 1980 1335 2006 habent
1355 1987 1425 2013 quae
1440 1987 1494 2005 non

215 2026 279 2050 sunt
298 2024 396 2051 Servii.
426 2041 456 2043 —
484 2023 650 2050 Thomasius
675 2032 699 2056 p.
723 2025 768 2054 79,
793 2030 819 2055 p.
841 2024 890 2047 107
908 2030 967 2055 sqq.
997 2020 1209 2048 Lemovicensia
1233 2021 1261 2047 et
1285 2020 1447 2046 Cassellana
1467 2021 1495 2045 et

213 2065 403 2091 Floriaccnsia
423 2064 530 2090 scholia
550 2064 584 2089 ab
606 2063 702 2089 eodem
724 2062 842 2087 collecta
866 2069 927 2087 esse
948 2060 1070 2094 negavit.
1106 2062 1136 2086 at
1159 2058 1403 2086 dissimilitudines
1423 2068 1494 2093 quae

214 2106 278 2129 sunt
298 2114 362 2130 sanc
384 2104 456 2130 iuter
478 2103 703 2130 lwmovicensem
723 2103 750 2128 et
769 2101 960 2128 Cassellanum
985 2100 1245 2134 Floriacensemque
1265 2098 1493 2126 commentarium

215 2145 273 2178 ipsc
294 2145 427 2170 roncudct
447 2144 504 2170 alia
524 2143 630 2170 ratione
655 2142 834 2176 explicandas
856 2149 923 2167 esse.
958 2140 1122 2174 nam,quod
1151 2139 1179 2166 in
1205 2139 1396 2166 bucolicorum
1421 2146 1493 2165 com-

215 2184 314 2211 mentis
335 2184 445 2218 saepius
466 2183 585 2209 aliorum
606 2182 761 2209 sententiae
786 2181 917 2207 laudatae
937 2181 1003 2206 sunt
1027 2189 1109 2214 quam
1130 2179 1157 2206 in
1177 2177 1300 2205 Aeneide
1319 2177 1348 2204 id
1367 2177 1430 2204 inde
1451 2187 1492 2205 re-

214 2224 364 2258 petendum
385 2224 458 2257 quod
480 2224 513 2249 :lc
533 2223 589 2249 illis
610 2221 808 2256 intellegendis
828 2220 918 2255 magis
939 2220 1106 2247 differebant
1125 2219 1197 2246 inter
1216 2227 1244 2245 se
1264 2218 1388 2244 veterum
1408 2217 1492 2244 inter-

214 2266 322 2298 pretum
345 2264 456 2290 iudicia..
496 2263 697 2296 antiquitatum
719 2263 811 2289 autem
833 2262 862 2287 et
881 2261 1047 2295 religionum
1062 2260 1251 2286 Romanarum
1271 2258 1302 2283 ut
1321 2257 1349 2284 iu
1368 2258 1493 2285 Aeneide

214 2305 367 2331 vnarranda
388 2305 449 2338 plus
471 2303 586 2330 rationis
602 2303 753 2329 haberetur
768 2311 851 2335 quam
872 2301 900 2326 in
920 2300 1055 2328 bucolicis
1071 2300 1100 2326 et
1113 2297 1254 2333 georgicis
1276 2298 1390 2331 propter
1410 2307 1491 2332 argu-

216 2345 300 2371 unt-nti
322 2343 513 2371 diversitatem
538 2343 642 2370 factum
663 2343 712 2369 cst.
