1690 2611
487 81 600 109 COMM.
620 82 659 108 IN
678 81 784 108 VERG.
803 81 887 108 AEN.
907 82 953 108 III.
975 85 1122 108 109-116.
1373 82 1438 113 363

166 165 255 196 ceteri
282 165 468 204 adfirmant:
506 154 581 195 nam
609 166 637 195 et
662 163 705 194 ibi
728 162 950 203 Proserpinam
976 163 1042 194 idco
1072 174 1092 194 a
1122 164 1253 204 Veryilio
1283 164 1441 195 donzimwn

164 219 364 259 appellatam,
398 218 479 258 qnod
504 218 573 258 ipsa
601 219 684 248 terra
707 227 768 248 esse
790 217 920 257 dicatur,
953 217 1032 248 sieut
1054 220 1082 248 et
1104 220 1202 249 mater
1225 218 1322 249 (lenm.
1367 227 1442 249 sanc

165 271 277 302 fabula
300 272 376 303 talis
401 274 459 303 est.
508 270 669 302 Schoenos
695 270 808 301 civitas
833 272 890 301 est.
938 270 1050 301 exinde
1074 270 1135 301 fuit
1159 271 1250 312 virgo
1275 270 1440 311 Atalante,

165 324 308 357 Sclzomwi
329 325 406 365 filia,
430 325 622 365 praepotens
640 334 743 363 cursu,
768 323 846 354 adeo
871 325 917 364 ut,
940 333 1008 354 cnm
1027 333 1204 363 responsum
1222 324 1388 365 accepisset,
1411 334 1442 355 se

159 381 232 418 post
254 379 387 418 nuptias,
410 380 446 408 at
467 377 593 417 quidam
615 377 728 417 volunt,
751 376 961 415 interituram,
985 378 1020 407 nt
1042 376 1168 416 quidam
1191 387 1269 415 vero,
1292 378 1326 408 in
1349 380 1440 408 natu-

165 442 236 473 ram
267 432 365 463 aliam
394 430 655 468 commutandam,
689 441 823 471 sponsos
855 431 1048 470 provocatos
1077 440 1114 460 ae
1142 430 1244 462 victos
1274 430 1442 462 occideret.

166 487 279 526 postea
293 484 512 525 Hippomenes
528 483 688 514 Venerem
712 485 749 514 ut
773 483 835 514 sibi
859 483 892 514 in
911 493 943 514 eo
963 483 1127 514 certamine
1151 483 1276 514 adesset
1300 484 1442 524 rogavit:

167 550 185 569 a
209 549 271 579 qua
295 549 368 569 cum
392 537 568 578 accepisset
592 536 630 567 de
654 536 748 567 horto
764 535 982 576 Hesperidum
1005 536 1068 567 tria
1090 537 1176 567 mala
1201 547 1305 577 aurea,
1329 548 1441 578 provo,-

168 592 253 623 cavit
275 591 416 632 puellam
440 590 479 622 ad
503 601 632 621 cursum
662 591 694 621 et
724 600 793 621 cum
820 599 850 621 se
877 590 990 620 videret
1013 599 1102 629 posse
1128 591 1281 630 superari,
1315 590 1443 631 singula

167 645 275 685 coepit
297 646 409 675 iacere.
438 645 515 675 tunc
539 643 703 684 Atalante,
728 643 905 684 cupiditate
931 643 1187 684 colligendorum
1211 643 1371 675 malorum
1395 655 1441 675 re-

167 700 268 738 tenta,
292 699 443 738 superata
468 699 524 728 est.
572 697 627 728 sed
650 696 870 737 Hippomenes
894 696 1019 737 potitus
1043 697 1193 737 victoria,
1217 707 1286 729 cum
1306 698 1440 738 ‚qratiam

174 751 283 782 Veneri
304 751 349 782 vel
372 750 482 782 oblitus
504 753 589 791 esset,
621 751 666 782 vel
693 750 870 790 neglexisset
893 750 1018 790 referre,
1051 750 1178 790 inpulsu
1211 751 1276 782 eins
1313 751 1347 782 in
1369 751 1442 782 luco

168 804 282 835 matris
313 803 406 835 deum
435 804 554 835 amoris
578 803 774 845 inpatientia
811 814 882 834 cum
916 803 1002 834 victa
1027 803 1206 835 concubuit.
1253 803 1336 834 unde
1360 804 1443 835 irata

168 857 228 888 dea
251 857 284 888 in
308 857 418 889 leones
443 868 496 888 eos
521 856 682 888 convertit
713 858 744 887 et
768 867 825 887 suo
850 856 957 887 currui
991 856 1178 897 subiugavit
1212 859 1242 887 et
1270 857 1443 898 praecepit,

167 922 207 941 ne
236 921 344 942 secum
372 921 523 952 umquam
553 910 661 941 leones
691 910 823 941 coirent.
870 920 945 940 nam
970 911 1002 940 et
1026 909 1149 940 Plinius
1174 910 1207 941 in
1231 910 1373 942 naturali
1396 910 1443 941 hi-

169 964 270 995 storia
300 964 378 995 dicit
406 964 532 995 leonem
561 975 632 995 011111
661 963 827 1004 pardalide
852 963 988 1000 libenter,
1023 965 1053 994 et
1077 963 1213 1004 pardum
1238 975 1309 994 eum
1333 964 1446 995 leaena

168 1017 388 1049 concumbere.
434 1017 505 1049 ideo
531 1019 639 1048 autem
664 1019 766 1048 mater
791 1016 885 1047 deum
909 1027 1003 1047 curru
1028 1016 1100 1047 vehi
1125 1017 1251 1058 dieitur,
1276 1017 1351 1058 quia
1374 1017 1445 1058 ipsa

169 1072 219 1101 est
242 1072 342 1112 terra,
367 1082 447 1112 quae
471 1071 589 1112 pendet
613 1071 643 1101 in
671 1072 755 1102 aere:
789 1070 860 1101 ideo
886 1069 1065 1101 sustinetur
1088 1070 1184 1111 rotis,
1209 1071 1283 1112 quia
1307 1070 1445 1101 mundus

168 1125 295 1155 rotatur
319 1126 352 1155 et
375 1124 527 1155 volubilis
553 1126 614 1155 est:
648 1124 719 1155 ideo
750 1124 778 1155 ei
803 1123 1018 1164 subiugantur
1042 1124 1165 1164 leones,
1198 1125 1234 1154 ut
1258 1124 1446 1155 ostendatur

168 1179 348 1208 maternam
372 1177 529 1217 pietatem
553 1179 658 1208 totum
682 1188 776 1218 posse
797 1188 961 1218 superare:
986 1176 1056 1208 ideo
1077 1176 1279 1218 Corybantes
1300 1178 1366 1209 eius
1387 1177 1445 1208 mi-

167 1230 263 1261 nistri
289 1242 360 1262 cum
385 1231 507 1262 strictis
531 1230 649 1272 gladiis
675 1242 744 1262 esse
769 1231 942 1272 finguntur,
966 1232 1003 1261 ut
1028 1230 1227 1271 significetur
1252 1241 1362 1262 omnes
1387 1241 1445 1271 pro

168 1285 256 1314 terra
288 1294 345 1314 sua
375 1283 489 1315 debere
520 1294 675 1325 pugnare.
723 1284 806 1324 quod
838 1286 946 1315 autem
974 1284 1126 1315 turritam
1154 1285 1262 1325 gestat
1286 1294 1446 1324 coronam,

1464 649 1495 671 10

1465 916 1497 938 15

1465 1182 1498 1205 20

170 1337 309 1368 ostendit
337 1337 558 1378 superpositas
583 1339 688 1368 terrae
713 1348 782 1368 esse
807 1337 968 1378 civitates,
997 1348 1076 1378 quas
1102 1337 1276 1378 insignitas
1301 1337 1446 1369 turribus
1490 1372 1497 1378 ¹

171 1392 308 1421 constat.
349 1390 429 1421 Itane
451 1391 576 1422 eandem
600 1401 684 1421 eram
707 1391 868 1431 appellari,
891 1390 944 1421 hoc
967 1393 1011 1421 est
1033 1391 1191 1422 dominam
1215 1392 1350 1422 tradunt.
1388 1391 1446 1422 alii

170 1444 307 1483 ipsorum
332 1444 451 1475 leonum
474 1444 631 1475 dominam
655 1454 675 1474 a
705 1443 836 1484 Vcrgsilc'o
860 1444 974 1475 dictam
997 1444 1201 1475 arbitrantur.

262 1497 332 1528 114.
371 1510 470 1528 mvn-„11
489 1510 608 1529 [πω-ΝΤ
630 1510 686 1533 qm
711 1510 794 1529 zrsm
818 1500 846 1528 et
867 1498 1070 1528 necessarium
1088 1498 1194 1537 posuit
1217 1500 1244 1529 ct
1266 1497 1431 1529 honestum.

262 1550 332 1581 115.
370 1559 497 1582 GNOSIA
522 1550 638 1582 REGNA
663 1550 802 1592 Cretam,
827 1562 845 1582 a
869 1550 978 1582 Gnoso
1005 1551 1136 1582 civitate
1162 1551 1236 1582 eius.
1343 1549 1448 1584 ‹asos-E

171 1616 266 1635 111-0111
286 1616 421 1635 mimim-
445 1604 498 1643 [et]
523 1606 565 1635 est
588 1606 802 1644 myttmcutmn
825 1614 845 1634 a
862 1604 1013 1643 possibili.

263 1657 334 1688 116.
372 1666 438 1688 NEC
464 1666 583 1689 LONGO
608 1666 760 1689 DISTANT
786 1666 893 1689 cvnsv
919 1668 937 1688 a
961 1657 1043 1688 Delo
1070 1657 1201 1688 scilicet.
1239 1660 1267 1688 et
1289 1660 1332 1689 est
1354 1667 1447 1698 myn—

164 1797 168 1800 ,
243 1774 257 1797 3
278 1771 374 1797 fabula
392 1771 456 1797 talis
476 1772 519 1797 est
538 1779 560 1797 e.
581 1780 606 1804 q.
627 1771 659 1805 3.]
684 1779 768 1796 exscr.
789 1770 926 1804 mythogr.
947 1770 959 1795 1
979 1774 1011 1797 39
1033 1771 1060 1796 et
1079 1771 1104 1796 II
1124 1771 1180 1803 4711
1198 1774 1228 1796 15
1250 1770 1367 1804 Plinius]
1388 1763 1444 1796 nat.

172 1806 235 1835 hist.
256 1806 321 1831 VIII
340 1809 395 1838 §41
412 1815 471 1839 sqq.
491 1808 500 1839 ΙΙ
516 1810 547 1832 17
567 1806 630 1833 ideo
649 1808 742 1832 autem
763 1814 784 1832 e.
805 1816 830 1839 q.
851 1806 884 1841 3,]
905 1814 990 1832 exse-r.
1012 1806 1075 1831 lsid.
1097 1806 1165 1839 orig.
1188 1806 1252 1832 VIII
1273 1809 1314 1839 11,
1334 1810 1366 1832 63
1388 1815 1447 1839 sqq.

173 1843 202 1867 et
219 1841 357 1875 mythogr.
378 1842 415 1867 111
435 1846 459 1875 2,
479 1845 494 1868 3

174 1948 289 1974 bcmlam
312 1948 417 1974 videtur
441 1947 582 1974 dominam
606 1948 662 1974 dici
681 1948 769 1974 Varro
794 1948 876 1974 docet
899 1949 908 1981 11
931 1948 1018 1974 Varro
1038 1948 1160 1974 affirmat
1177 1948 1319 1975 dominam
1338 1948 1448 1982 proprie

175 1985 294 2009 matrem
313 1983 402 2009 Deum
426 1983 481 2009 dici
500 1984 623 2010 Ambros.
647 1985 656 2017 ΙΙ
679 1987 694 2009 3
716 1984 868 2018 8011001103]
892 1984 991 2017 0·]1)·103
1012 1984 1041 2009 Γ
1068 1984 1140 2018 Sehy
1142 1993 1185 2010 res
1204 1984 1269 2009 LH
1285 1986 1410 2016 (scoenos
1430 1984 1448 2010 It

176 2027 270 2052 scyros
291 2019 328 2044 M
355 2019 439 2045 seiros
458 2019 488 2044 E
501 2019 510 2051 Ι]
524 2019 662 2045 atalantes
683 2019 733 2052 Fu
747 2023 763 2045 4
784 2019 919 2045 Schoenei
940 2019 1238 2053 111«sziczus:cycinei
1258 2019 1288 2045 F
1303 2020 1312 2052 ss
1332 2022 1346 2044 5
1366 2019 1449 2045 intel-i

174 2054 348 2081 interituram
369 2054 399 2079 F
419 2055 428 2087 ΙΙ
452 2057 466 2080 7
486 2054 648 2087 ippomenes
668 2054 733 2080 ΓΗ
761 2063 911 2088 yppomenes
927 2055 952 2080 L
973 2056 982 2088 ss
1006 2058 1021 2081 9
1042 2055 1077 2081 ad
1097 2063 1206 2081 cursum
1223 2055 1263 2080 F.
1292 2055 1321 2080 in
1340 2063 1448 2080 cursum

176 2090 213 2116 M
244 2090 273 2115 in
302 2098 381 2115 eursu
410 2089 451 2121 E,
479 2097 529 2115 om.
559 2090 623 2115 LII
644 2090 653 2122 ΙΙ
678 2093 709 2115 11
738 2090 901 2123 ippomenes
931 2090 960 2115 Γ
968 2091 1036 2115 LH
1061 2091 1070 2124 n
1101 2090 1207 2124 potitur
1235 2091 1259 2116 L
1288 2091 1296 2123 ΙΙ
1326 2093 1357 2116 13
1387 2099 1448 2116 cum

175 2125 252 2152 uicta
275 2125 418 2151 athalante
444 2125 564 2157 (atlante,
582 2125 622 2157 E)
644 2125 714 2150 ME
739 2126 747 2158 ΙΙ
777 2128 808 2151 15
833 2125 942 2158 plenius
962 2125 992 2151 F
1017 2127 1026 2158 ΙΙ
1054 2129 1086 2152 16
1106 2125 1249 2159 pardalide
1269 2126 1342 2151 LH:
1363 2125 1450 2159 parda

176 2160 294 2186 FMEI
308 2161 318 2194 ΙΙ
333 2164 364 2186 17
385 2161 478 2194 curm]
499 2169 562 2186 cum
580 2161 608 2186 ui
629 2160 678 2194 ΓΙ]
695 2164 725 2186 19
746 2160 908 2186 reuolubilis
927 2161 993 2186 LH
1014 2162 1205 2195 mythoqraplzz
1223 2162 1233 2195 ΙΙ
1248 2161 1450 2194 subiungantur

178 2195 208 2221 Γ
211 2196 237 2222 L
250 2197 259 2230 Ι]
274 2199 306 2222 21
327 2196 421 2222 stratis
442 2196 470 2221 F
482 2197 491 2229 ΙΙ
509 2204 559 2229 pro
579 2196 665 2230 terra]
685 2196 833 2230 propterea
851 2196 904 2229 Hss
924 2200 956 2222 23
976 2196 1131 2230 insignatas
1152 2197 1209 2222 FL
1228 2196 1384 2230 (insignitas
1403 2196 1443 2227 I)

177 2235 210 2258 26
231 2241 329 2258 nxcvur
349 2231 379 2257 F
400 2232 409 2265 u
432 2235 464 2257 27
486 2231 622 2258 cretensia
645 2239 661 2257 a
684 2239 769 2265 gnoso
790 2231 820 2256 F
845 2233 949 2258 cretam
969 2240 1073 2258 annoso
1092 2232 1119 2258 L
1137 2233 1165 2265 (a
1183 2241 1269 2266 gnoso
1290 2233 1308 2264 l)
1328 2231 1450 2257 croetam

176 2275 193 2293 a
211 2275 298 2300 gnoso
317 2267 351 2293 H
376 2267 451 2293 crete}
472 2275 574 2301 gnoseo
596 2267 633 2292 M
655 2267 769 2300 (cretica
788 2275 804 2292 a
823 2275 909 2301 gnoso
929 2268 965 2299 m)
986 2269 1089 2294 cretam
1110 2276 1231 2302 agnosco
1250 2267 1279 2293 E
1302 2266 1414 2300 (cretica
1433 2274 1450 2292 a

175 2311 263 2336 gnoso
282 2304 305 2335 e)
378 2310 380 2313 ’

1465 1449 1498 1472 25
