1690 2611
619 142 840 170 PRAEFATIO.
1287 142 1374 169 XXIX

100 226 242 269 origines
268 226 520 268 significationes
545 226 742 257 differentias
763 225 911 266 exposuit
930 236 1089 266 vocesque
1110 225 1214 256 minus
1239 226 1376 256 usitatas

101 280 252 312 ostendit.
294 291 397 321 neque
417 282 521 311 artem
555 281 671 320 poetae
700 279 876 310 inlustrare
906 278 1057 319 neglexit.
1100 290 1174 310 nam
1204 279 1375 319 dispositio

81 334 250 365 carminis
283 334 347 365 suis
378 334 458 365 locis
490 333 679 374 explicatur,
719 332 835 374 quibus
871 332 974 372 tropis
1007 334 1039 362 et
1068 332 1182 373 figuris
1210 332 1376 373 Vergilius

100 399 177 418 usus
207 387 262 428 sit,
292 398 387 428 quam
416 387 589 428 diligenter
618 386 693 427 quid
723 386 837 427 cuique
866 396 1025 426 personae
1054 386 1239 416 conveniret
1268 386 1374 417 obser-

102 441 240 481 vaverit,
271 441 327 471 ubi
358 440 528 471 verborum
557 440 687 471 ubertas
722 439 870 480 quaesita
906 439 962 469 ubi
995 439 1106 470 modus
1139 439 1303 470 adhibitus
1336 439 1378 470 sit

102 493 242 525 docetur.
281 496 316 525 ut
340 494 374 525 in
388 493 503 525 horum
530 503 683 534 generum
714 492 847 524 scholiis
871 503 935 523 non
951 492 1041 523 nulla
1065 492 1273 523 inveniuntur
1297 503 1377 533 quae

101 547 195 579 nobis
221 558 346 589 quoque
369 547 464 578 utilia
489 547 566 587 sint,
591 546 637 578 ita
661 547 770 577 omnia
794 546 859 577 fere
884 546 980 586 longe
1005 545 1173 576 abicienda
1198 547 1273 576 sunt
1297 556 1377 586 quae

103 600 232 632 Servius
257 601 347 641 dixit,
367 602 403 632 ut
427 600 501 642 quid
532 600 701 640 sensisset,
726 600 801 640 quid
826 599 982 631 voluisset
1006 600 1104 639 poeta
1128 599 1378 640 intellegeretur.

102 665 176 685 nam
200 654 263 686 dici
287 655 341 685 vix
364 656 474 695 potest
498 664 595 695 quam
624 654 733 694 inepte
763 653 817 684 ille
843 654 877 684 in
910 652 970 683 hac
1000 663 1032 683 re
1062 654 1230 693 argutatus
1256 653 1307 683 sit.
1341 652 1378 682 cf.

102 707 117 738 I
141 708 182 739 39
208 707 247 739 ad
272 707 405 749 ‘quippe
430 709 523 739 vetor
546 706 656 748 fatis',
685 707 727 738 42
752 706 792 738 ad
819 705 936 747 ‘ipsa',
966 706 1006 737 57
1033 705 1072 736 ad
1102 705 1288 747 ‘mollitque
1313 706 1378 736 ani-

102 760 202 802 mos',
226 761 267 793 58
293 761 330 793 ad
363 760 482 792 ‘maria
515 772 551 792 ac
585 762 689 792 terras
718 760 904 801 caelumque
933 758 1158 800 profundum’,
1187 760 1226 790 61
1263 759 1301 790 ad
1331 758 1378 789 ‘id

102 814 278 855 metuens',
304 816 342 846 71
369 815 409 846 ad
433 815 525 846 ‘sunt
549 815 628 846 mihi
653 815 702 846 bis
728 813 886 856 septem',
911 814 951 845 73
977 813 1016 844 ad
1041 813 1195 845 ‘conubio
1220 812 1379 853 iungam',

104 868 144 899 77
161 868 201 899 ad
225 867 321 899 ‘mihi
341 869 431 900 iussa
451 879 618 909 capessere
638 868 687 899 fas
709 868 779 909 est’,
803 868 845 899 93
862 868 900 899 ad
925 866 1102 909 <ingemit’.
1140 878 1242 908 neque
1267 866 1379 897 dubito

104 921 181 962 quin
204 922 323 953 nimiae
347 922 443 953 huius
473 922 560 953 modi
590 922 791 954 subtilitates
821 922 860 953 ab
890 922 960 962 ipso
992 920 1104 952 Servio
1138 920 1309 961 pleraeque
1334 919 1379 950 in-

104 977 218 1007 ventae
247 977 325 1017 sint,
355 976 409 1017 qui
438 976 531 1007 nobis
561 975 690 1016 quidem
719 975 827 1006 iudicii
858 977 889 1006 et
918 974 1128 1015 simplicitate
1159 976 1192 1005 et
1221 974 1382 1014 elegantia

105 1029 236 1061 omnino
262 1029 402 1061 caruisse
427 1029 562 1060 videtur.
605 1029 661 1060 sed
690 1028 841 1070 aequales
867 1028 934 1059 eius
959 1027 1045 1059 haud
1070 1027 1134 1059 scio
1161 1039 1201 1058 an
1226 1027 1319 1058 aliter
1343 1027 1381 1057 de

105 1093 142 1114 ea
165 1094 199 1114 re
224 1083 395 1124 senserint,
420 1083 536 1124 quippe
561 1094 641 1124 quos
666 1083 699 1114 in
724 1082 811 1114 omui
831 1082 1015 1113 litterarum
1035 1091 1151 1123 genere
1171 1080 1382 1122 argutissima

106 1147 250 1178 quaeque
275 1137 414 1169 maxime
439 1137 607 1168 adamasse
632 1138 766 1168 constet.

193 1189 231 1220 In
255 1190 352 1221 rebus
377 1189 565 1221 enarrandis
595 1190 720 1221 curavit
745 1189 874 1220 Servius
903 1200 943 1220 ne
968 1189 1133 1220 omitteret
1162 1188 1246 1230 quod
1276 1188 1382 1229 cogni—

105 1243 194 1274 tione
219 1243 352 1285 dignum
378 1245 470 1275 esset.
509 1254 585 1274 nam
615 1254 686 1274 cum
711 1242 892 1274 doctissimi
922 1245 1037 1283 poetae
1062 1242 1162 1273 libros
1188 1241 1383 1273 enarrandos¹

106 1296 313 1337 suscepisset,
346 1297 494 1338 diligenti
523 1308 631 1328 eorum
665 1296 913 1328 commentatori
946 1296 1067 1327 nullam
1101 1296 1169 1327 fere
1198 1296 1381 1326 litterarum

106 1352 231 1390 partem
255 1350 489 1391 neglegendam
520 1361 589 1381 esse
619 1350 837 1390 intellexerat,
866 1361 968 1391 neque
998 1349 1116 1380 iniuria
1140 1348 1338 1379 Kirchnerus
1364 1348 1383 1379 l.

107 1403 126 1433 l.
150 1414 180 1444 p.
204 1404 268 1435 498
294 1404 419 1435 monuit
448 1404 479 1434 id
503 1404 601 1435 videri
628 1403 773 1435 Servium
801 1404 920 1444 egisse,
950 1405 986 1434 ut
1016 1403 1237 1434 adulescentes
1263 1413 1278 1433 e
1304 1401 1383 1433 Ver-

108 1456 179 1496 gilii
203 1457 400 1488 carminibus
430 1459 462 1488 et
486 1457 587 1498 ipsius
613 1457 843 1488 commentario
870 1467 979 1487 earum
1004 1467 1113 1486 rerum
1138 1455 1307 1486 scientiam
1332 1466 1383 1495 pe-

106 1511 220 1550 terent,
244 1521 322 1551 quas
338 1510 392 1551 qui
416 1511 575 1541 nescirent
599 1510 748 1550 indignos
765 1521 833 1540 esse
858 1509 979 1540 videret
999 1509 1053 1550 qui
1077 1509 1160 1540 inter
1185 1508 1326 1539 eruditos
1352 1510 1384 1539 et

107 1563 267 1603 politioris
292 1563 505 1594 humanitatis
534 1563 679 1594 homines
695 1566 948 1594 numerarentur.
980 1563 1089 1603 itaque
1119 1561 1287 1593 occasione
1317 1561 1383 1591 sive

108 1616 220 1648 oblata
259 1617 325 1648 sive
364 1617 497 1657 adrepta
534 1616 800 1658 philosophorum
835 1616 955 1656 placita
994 1616 1155 1657 exposuit,
1193 1615 1320 1646 fabulas
1352 1616 1384 1645 et

108 1669 262 1701 historias
292 1670 468 1711 enarravit,
498 1670 705 1710 antiquorum
736 1680 841 1700 mores
872 1672 904 1700 et
932 1669 1083 1700 instituta
1112 1669 1269 1709 ostendit,
1299 1668 1384 1698 loco-

108 1734 179 1753 rum
203 1725 425 1764 terrarumque
454 1723 533 1754 situs
562 1723 745 1763 descripsit,
773 1722 936 1753 naturales
966 1734 1016 1754 res
1047 1722 1229 1763 explicavit.
1267 1721 1321 1752 sed
1347 1721 1384 1751 de

109 1775 159 1807 his
183 1777 278 1808 rebus
303 1776 451 1807 omnibus
476 1786 557 1817 quae
585 1775 732 1815 tradidit,
762 1778 840 1806 nota
859 1776 1046 1816 plerumque
1072 1777 1147 1806 sunt
1171 1776 1204 1805 et
1228 1774 1383 1815 vulgaria,

109 1830 145 1859 ut
167 1829 349 1860 reconditae
369 1829 533 1860 doctrinae
554 1829 746 1860 documenta
760 1839 824 1859 non
844 1828 891 1859 ita
911 1828 1013 1859 inulta
1031 1828 1246 1859 inveniantur.
1276 1838 1383 1868 quam-

111 1893 206 1922 quam
231 1893 296 1913 non
320 1882 451 1913 omnino
477 1882 600 1913 desunt.
643 1893 717 1913 nam
743 1893 815 1912 cum
835 1881 872 1912 de
894 1882 1144 1923 antiquitatibus
1165 1881 1383 1913 Romanorum

111 1933 240 1965 Servius
274 1935 429 1975 quaedam
458 1935 601 1975 prodidit
636 1946 771 1976 quorum
801 1935 957 1966 memoria
989 1935 1072 1975 apud
1103 1935 1182 1966 alios
1212 1934 1386 1974 scriptores

111 1989 266 2028 quantum
291 1988 356 2019 scio
385 1999 449 2019 non
474 1990 574 2028 extat,
603 1990 672 2019 tum
701 1988 734 2019 in
764 1988 893 2029 septimi
923 1990 955 2019 ct
984 1988 1091 2019 octavi
1121 1988 1195 2019 libri
1226 1998 1385 2018 commen—

111 2041 203 2072 tariis
229 2041 267 2072 de
292 2041 527 2082 antiquissimis
551 2041 742 2073 Italicarum
767 2042 913 2082 gentium
938 2043 971 2072 et
990 2041 1158 2072 civitatum
1184 2041 1279 2072 rebus
1305 2040 1384 2071 satis

112 2095 216 2126 multa
240 2094 385 2125 narravit
409 2105 489 2134 quae
520 2095 559 2125 iis
584 2095 638 2135 qui
668 2094 729 2125 hoc
758 2095 939 2125 litterarum
968 2105 1069 2135 genus
1098 2096 1300 2135 pertractant
1329 2094 1388 2124 uti-

112 2147 239 2178 lissima
263 2147 336 2178 sint.
388 2157 449 2188 qua
474 2147 511 2177 de
539 2147 631 2178 laude
660 2148 797 2178 multum
826 2159 901 2179 sane
926 2148 1107 2179 detrahitur
1131 2148 1293 2179 erroribus
1323 2146 1387 2177 illis

113 2201 168 2241 qui
191 2201 225 2231 in
254 2201 385 2232 scholiis
420 2200 459 2231 ad
493 2200 662 2231 historiam
692 2201 984 2241 et-geographiam
1014 2201 1251 2241 pertinentibus
1280 2200 1387 2240 depre-

113 2253 304 2285 henduntur.
346 2253 475 2295 singula
499 2253 646 2293 exempla
665 2254 839 2293 protulisse
859 2254 937 2284 satis
959 2255 1015 2284 est.
1050 2253 1128 2285 Aen.
1143 2253 1192 2285 III
1207 2253 1272 2284 500
1292 2252 1386 2292 enim,

113 2307 167 2338 ubi
192 2307 229 2338 de
254 2306 424 2348 ‘Thybris’
454 2306 596 2337 nominis
625 2306 749 2347 origine
778 2305 969 2347 hariolatur,
998 2309 1121 2338 veteres
1138 2306 1275 2344 Siculos,
1305 2316 1384 2345 quos

115 2359 193 2391 Aen.
212 2359 227 2390 Ι
251 2360 271 2390 2
295 2371 366 2391 cum
386 2360 469 2392 Italo
490 2370 564 2401 rege
588 2359 620 2390 in
639 2359 768 2390 Italiam
794 2360 918 2391 venisse
943 2363 974 2391 et
990 2360 1069 2391 VIII
1090 2360 1152 2391 328
1174 2370 1245 2390 cuin
1270 2358 1385 2389 Abori-
