1690 2611
696 155 911 182 PRAEFATIO.
1304 156 1442 183 LXXXIX

166 237 261 279 addo,
286 238 318 269 in
343 239 480 280 septimo
506 240 537 270 et
565 238 604 270 iis
634 238 687 279 qui
712 238 752 269 ad
776 238 979 269 undecimum
1009 242 1186 280 sequuntur
1215 239 1307 271 libris
1337 251 1439 281 pauca

164 292 345 333 pleniorum
368 292 525 324 librorum
551 292 672 324 scholia
701 292 736 323 in
760 292 961 334 marginibus
991 292 1030 323 ab
1055 293 1120 324 alia
1150 304 1248 324 manu
1277 293 1441 335 adscripta

165 357 243 377 esse.
293 346 486 378 Thomasius
525 346 608 377 essai
645 358 674 387 p.
709 346 771 377 179
802 356 868 386 sqq.
903 346 1045 377 codicem
1080 348 1227 378 accurate
1262 347 1440 388 descripsit.

164 399 249 431 idem
278 400 317 431 de
345 400 477 442 reliquis
502 399 606 432 Servii
634 400 797 432 codicibus
829 400 883 441 qui
915 400 1042 440 quidem
1074 400 1106 431 in
1138 400 1295 431 Parisinis
1326 401 1440 433 biblio-

164 453 268 484 thecis
293 453 505 485 adservantur
529 454 548 485 l.
573 454 591 484 l.
616 465 645 494 p.
670 454 734 485 303
760 464 827 495 sqq.
851 453 1101 495 diligentissime
1125 453 1316 495 disputavit,
1342 466 1377 486 ac
1401 466 1440 486 nc

166 518 219 538 eos
241 507 369 548 quidem
389 507 533 548 neglexit
557 518 636 548 quos
661 507 695 538 in
720 507 793 538 aliis
824 506 950 538 Galliae
979 507 1187 538 bibliothecis
1217 510 1326 538 extare
1356 509 1442 539 audi-

165 560 223 601 vit,
248 560 332 591 inter
356 571 434 602 quos
460 559 513 602 (cf.
534 561 739 602 supplement
762 572 791 602 p.
807 560 962 601 XXVIII)
983 560 1221 592 Bononiensem
1246 560 1441 603 (Boulogne-

165 613 315 656 sur-mer)
339 614 472 645 membr.
496 614 550 645 fol.
575 625 656 646 saec.
680 614 710 645 X
734 614 924 655 integritate
948 616 1115 655 praestare
1140 614 1226 645 dicit.

252 672 342 703 Inter
373 671 551 704 Vaticanos
584 674 615 704 et
648 663 883 704 Laurentianos
919 673 1020 704 libros
1053 673 1107 714 qui
1138 675 1266 714 praeter
1297 674 1372 705 illos
1403 675 1440 705 de

164 726 279 768 quibus
304 737 400 767 supra
424 725 489 757 dixi
518 726 744 758 memorabiles
770 728 844 757 sunt
869 726 907 757 ad
938 726 1159 758 bucolicorum
1190 729 1285 768 atque
1315 728 1440 769 georgi-

164 791 275 811 corum
312 779 563 810 commentarios
595 780 734 810 maxime
766 782 926 821 spectant,
958 780 1058 811 veluti
1090 780 1164 812 Vat.
1196 781 1295 820 3317,
1327 780 1440 822 Regin.

166 833 264 873 1495,
289 832 382 864 Laur.
406 832 486 874 plut.
511 832 554 863 45
579 833 645 864 cod.
672 831 744 874 14¹)
771 832 825 874 (cf.
850 844 929 864 mus.
954 833 1056 864 Rhen.
1072 833 1149 864 XIV
1174 845 1203 874 p.
1228 834 1302 874 542,
1326 834 1387 865 XV
1412 846 1441 875 p.

166 886 252 928 119).
293 886 354 917 hoc
382 886 452 917 loco
482 897 579 917 unum
609 886 829 917 Palatinum
863 886 947 918 164ss
977 887 1258 918 membranaceum
1291 899 1371 919 saec.
1396 888 1438 918 XI

163 941 307 981 nomino,
332 939 408 982 quia
427 940 657 971 commentario
688 942 800 971 contra
829 950 951 971 morem
982 940 1173 981 inscriptum
1203 943 1252 972 est
1282 949 1439 972 COMMEN-

163 1003 235 1025 TVM
260 1002 374 1025 snuvn
398 1002 618 1025 GRAMMATICI
644 1002 754 1025 serR
780 1004 804 1024 e.
830 1005 858 1035 q.
884 1005 907 1024 s.
932 995 964 1024 et
987 994 1063 1034 quia
1088 992 1197 1025 Aen.I
1224 995 1239 1025 1
1266 993 1311 1035 (p.
1331 994 1360 1034 5,
1388 995 1441 1035 13)

164 1048 266 1079 altera
291 1058 406 1078 manus
432 1058 530 1088 supra
553 1058 682 1078 versum
699 1047 830 1088 scripsit
854 1046 886 1078 id
911 1047 996 1088 quod
1017 1058 1127 1078 verum
1153 1049 1202 1079 est
1226 1048 1346 1089 inania,
1371 1060 1442 1080 cum

161 1101 251 1142 prior
276 1100 427 1132 exhibeat
453 1101 487 1132 in
509 1100 596 1132 lianc.

250 1158 460 1190 Leidenses
485 1157 589 1190 Servii
613 1158 738 1190 codices
763 1170 960 1200 quamquam
990 1171 1009 1191 a
1038 1170 1088 1190 me
1112 1170 1177 1190 non
1202 1161 1277 1190 sunt
1306 1159 1443 1191 adhibiti

162 1214 271 1244 tamen
294 1212 443 1243 videntur
462 1212 523 1243 hoc
539 1212 610 1243 loco
627 1213 902 1244 commemorandi
919 1224 1001 1251 esse,
1026 1213 1102 1254 quia
1118 1213 1321 1244 Burmannus
1343 1213 1443 1254 scrip-

161 1266 243 1297 turis
274 1276 385 1297 eorum
419 1277 437 1297 a
470 1265 606 1298 Nicolao
645 1266 780 1298 Heinsio
816 1268 955 1298 enotatis
989 1278 1066 1298 usus
1097 1270 1154 1298 est.
1198 1267 1442 1308 antiquissimus

161 1330 272 1351 eorum
298 1321 346 1351 est
369 1331 432 1350 mS.
456 1319 519 1351 lat.
549 1320 640 1351 bibl.
669 1320 769 1361 publ.
786 1321 827 1351 52
852 1321 985 1352 membr.
1011 1321 1065 1352 fol.
1095 1331 1175 1352 saec.
1200 1320 1254 1352 IX.
1279 1321 1442 1352 continen-

161 1375 214 1404 tur
234 1384 271 1405 eo
291 1373 513 1404 commentarii
534 1373 573 1404 ad
593 1373 672 1405 Aen.
693 1373 722 1404 V
738 1374 780 1405 93
804 1385 947 1405 DEPASTA
971 1375 1087 1405 altaria
1111 1385 1194 1406 vome
1217 1385 1324 1406 senam
1347 1385 1443 1415 supra

163 1427 210 1457 ait
233 1426 398 1466 libauitque
417 1427 509 1466 dapes
532 1427 585 1458 scd
606 1427 660 1458 hoc
688 1428 761 1459 divit
784 1438 885 1469 usque
914 1428 954 1459 ad
983 1428 1062 1459 Aen.
1088 1427 1133 1458 XI
1158 1428 1222 1459 2132
1251 1430 1285 1459 ut
1314 1428 1441 1469 thyestes

162 1489 230 1511 cum
252 1490 377 1524 mqropa
393 1480 513 1519 fratris.
552 1481 656 1521 quinti
672 1481 747 1512 libri
768 1481 1001 1512 commentario
1017 1481 1096 1512 haec
1117 1481 1304 1512 maiusculis
1320 1481 1439 1513 litteris

162 1533 344 1574 subscripta
368 1535 444 1564 sunt
466 1533 606 1573 Explicit
629 1534 703 1565 liber
726 1535 851 1574 quintus
875 1536 1097 1574 expositionum
1122 1534 1221 1566 Servii
1241 1536 1440 1575 grammatici

125 1586 133 1594 '
163 1587 195 1617 ιή
220 1586 331 1617 librum
354 1587 496 1626 quintum
519 1587 692 1618 Aeneidmn
718 1588 826 1627 incipit
855 1588 929 1619 liber
956 1591 1059 1619 sextus
1081 1589 1216 1627 feliciter.
1259 1589 1335 1619 noni
1364 1589 1439 1619 libri

161 1639 412 1671 commentarius
436 1642 525 1671 totus
551 1640 653 1680 deest,
678 1651 693 1671 e
719 1640 842 1672 decimo
867 1641 951 1672 libro
976 1641 1141 1681 perierunt
1172 1652 1208 1672 ea
1238 1652 1319 1682 quae
1344 1642 1383 1672 ad
1412 1654 1438 1673 v.

163 1694 335 1725 191—778
357 1693 520 1734 adscripta
544 1696 643 1725 era-nt.
686 1702 767 1735 qua'e
792 1705 829 1725 ex
850 1694 910 1725 hoc
930 1695 1038 1725 codice
1058 1694 1211 1726 Heinsius
1236 1698 1441 1736 excerpserat

162 1747 191 1777 V
216 1747 327 1778 littera
359 1747 501 1789 signavit
532 1747 752 1788 Burmannus,
783 1748 837 1789 qui
869 1748 908 1779 ad
933 1748 1013 1779 Aen.
1038 1748 1067 1778 V
1093 1749 1135 1780 93
1162 1748 1240 1780 haec
1271 1749 1440 1780 adnotavit

162 1799 242 1831 ‘tam
265 1801 319 1831 diu
347 1804 455 1832 c‘cmcta
482 1802 551 1833 aris
581 1812 672 1841 super
698 1802 800 1841 posita
822 1802 845 1841 f.
869 1813 891 1832 (κ
916 1801 953 1833 R.
977 1804 1008 1833 et
1032 1802 1071 1833 V.
1100 1803 1189 1834 cuius
1218 1802 1336 1834 codicis
1365 1802 1439 1833 hinc

161 1854 279 1885 iterum
310 1853 485 1886 varietates
520 1855 674 1886 Heinsius
702 1854 855 1886 notavit'.
898 1855 936 1886 cf.
969 1855 1008 1886 ad
1034 1855 1113 1887 Aen.
1139 1856 1168 1887 X
1195 1856 1254 1887 191
1289 1855 1439 1888 ‘deerant

161 1906 214 1938 hic
237 1907 375 1948 paginae
400 1907 523 1948 aliquot
546 1909 580 1939 in
604 1907 633 1939 V
659 1908 697 1939 ad
722 1919 749 1939 v.
777 1907 871 1949 774³,
897 1908 936 1939 ad
961 1908 1039 1940 Aen.
1068 1909 1114 1940 XI
1138 1910 1203 1941 262
1233 1909 1380 1949 ‘Meropa
1409 1909 1438 1940 V

163 1960 217 2001 qui
249 1959 348 1991 codex
381 1960 456 1992 hinc
480 1961 608 1994 deficit'.
640 1980 676 1983 ——
709 1973 771 1992 ms.
802 1961 868 1992 lat.
900 1962 989 1993 bibl.
1021 1963 1121 2003 publ.
1155 1963 1194 1993 14
1225 1963 1279 1994 fol.
1305 1974 1385 1994 saec.
1410 1963 1437 1993 X

163 2013 240 2044 olim
264 2013 335 2044 Iani
358 2013 542 2055 Rutgersii,
566 2015 712 2046 continet
735 2015 768 2045 in
793 2015 832 2045 51
865 2015 1062 2047 membranis
1092 2015 1193 2047 Servii
1224 2016 1437 2048 ‘commenta'

162 2067 197 2097 in
222 2066 367 2098 bucolica
391 2068 543 2109 georgica
567 2067 646 2100 Aen.
674 2068 690 2100 I
716 2068 822 2099 1—93
851 2079 926 2099 nam
949 2069 1094 2101 'incubare
1106 2070 1233 2110 prop-«ie
1251 2071 1364 2101 dicitur
1381 2081 1439 2110 per

251 2218 275 2249 1)
295 2217 381 2244 habet
400 2218 445 2243 hic
466 2217 552 2244 codex
571 2219 636 2251 post
654 2217 797 2252 Filargirii
823 2219 1033 2253 explanationes
1058 2221 1087 2246 et
1110 2221 1223 2247 brevem
1244 2221 1437 2255 georgicorum

162 2256 363 2291 expositionem
388 2257 477 2284 Servii
504 2258 719 2284 commentarios
745 2258 845 2291 quibus
872 2260 941 2286 haec
967 2259 1103 2294 inscripta
1132 2262 1160 2286 et
1189 2260 1345 2294 subscripta-
1373 2261 1437 2286 sunt

164 2293 257 2335 ‘Incpt
275 2309 328 2335 exp
348 2301 437 2328 Servii
460 2302 637 2336 grammatici
656 2302 684 2328 in
704 2303 851 2329 bucolicon
871 2303 943 2330 etin
966 2304 1044 2330 libris
1068 2306 1219 2339 georgicon
1239 2307 1321 2338 atque
1341 2313 1437 2331 aenea-

162 2339 238 2365 dum’
261 2341 289 2366 et
310 2341 436 2375 ‘explicit
456 2342 592 2375 expositio
620 2343 709 2369 Servii
733 2343 911 2377 grammatici
929 2344 958 2370 in
976 2344 1126 2371 bucolicon
1154 2346 1182 2371 et
1208 2345 1237 2371 in
1263 2345 1340 2371 libris
1360 2353 1438 2378 geor-

161 2379 243 2412 gicon
262 2380 345 2414 atque
365 2381 538 2408 aeneadum'.
