1690 2611
217 156 281 183 VIII
746 158 962 186 PRAEFATIO.

219 241 295 271 sunt
319 251 400 281 quae
425 240 597 272 offendant.
630 240 771 282 primum
795 241 881 272 enim
906 242 1004 274 verba
1029 253 1110 284 quae
1136 245 1212 274 sunt
1233 244 1286 275 sed
1307 244 1369 275 vim
1393 255 1500 276 aman-

219 295 258 326 tis
281 295 428 334 capriani?
450 296 478 325 et
502 295 570 326 inde
593 295 748 335 vituperat
769 296 936 328 sacerdotes
960 296 999 327 ab
1024 296 1075 328 his
1101 298 1252 338 separata
1276 308 1356 338 quae
1377 298 1410 329 111
1429 298 1500 329 bre-

217 347 361 379 vioribus
389 348 481 379 libris
511 348 725 390 insequuntur
754 350 808 389 qui
836 350 1061 381 admonuemmt
1091 360 1153 381 non
1177 351 1362 382 credituram
1388 353 1500 382 carent

218 401 396 433 intellectu.
443 401 557 433 deinde
585 402 758 434 obscurum
788 404 837 435 est
865 414 927 444 quo
958 403 1037 435 haec
1062 404 1231 435 referenda
1256 404 1322 436 sint
1345 405 1420 444 quia
1444 405 1501 436 illa

219 455 300 486 alias
329 466 439 488 causas
468 456 618 487 litationis
639 457 861 496 fflaetenclebat
882 459 910 488 et
932 457 997 489 ideo
1021 459 1089 489 vola
1113 468 1176 489 non
1193 458 1388 498 perficiebat&
1425 469 1501 489 nam

220 511 328 549 potest
359 509 501 541 dubitari
535 511 643 541 utrum
677 510 810 551 ignarae
845 510 993 542 dicautur
1022 510 1223 542 sacerdotum
1255 513 1392 552 mentes,
1426 512 1502 552 quia

219 562 379 594 Didonem
408 564 633 595 admonuerint
666 575 746 605 quae
776 564 854 595 alias
881 575 993 595 causas
1018 564 1178 596 litationis
1202 565 1438 606 praetenderit:
1471 565 1502 596 id

219 617 304 658 quod
328 617 467 649 voluisse
492 617 619 649 videtur
643 617 851 649 scholiastes:
877 628 918 648 an
942 617 1026 649 Dido
1051 618 1177 649 dicatur
1202 618 1273 649 ideo
1294 618 1427 649 monitis
1447 630 1502 650 va-

220 673 289 702 tum
319 671 447 703 credere
477 683 542 703 non
566 672 725 713 potuisse,
755 672 831 712 quia
855 682 964 702 veram
990 672 1138 703 sacrificii
1164 683 1295 703 causam
1319 672 1501 704 dissimula-

219 725 310 757 verit.
358 726 494 767 denique
523 726 603 757 illud
633 725 804 756 molestum
835 727 884 756 est
914 725 998 766 quod
1029 736 1065 756 ea
1090 725 1206 767 quibus
1232 725 1412 757 ostenditur
1436 737 1501 758 non

220 781 352 820 propter
380 779 620 821 ignorationem
649 778 831 810 futurorum
864 779 1047 811 sacerdotes
1076 779 1266 820 reprehendi
1295 790 1370 810 nam
1398 781 1504 812 omnia

221 834 427 873 ...priorum
452 833 491 864 ab
517 833 556 863 iis
582 832 689 863 verbis
714 832 830 873 quibus
854 831 932 863 haee
958 832 1028 873 ipsa
1052 833 1248 873 vituperatio
1275 843 1426 874 expressa
1446 835 1504 874 est,

220 888 286 918 tam
311 887 407 928 longe
432 889 557 918 remota
582 888 665 918 sunt.
705 886 854 927 separavi
878 886 979 928 igitur
1005 898 1022 917 a
1047 887 1187 927 vulgatis
1214 898 1251 918 ea
1277 897 1358 928 quae
1382 886 1502 918 Floria-

221 941 322 972 eensis
354 941 485 981 propria
519 943 602 972 sunt.
649 940 780 971 illorum
814 942 922 971 autem
951 940 1031 971 haee
1060 942 1094 971 ni
1123 940 1221 972 fallor
1251 940 1411 972 sententia
1442 942 1503 972 est:

220 1005 284 1026 non
313 997 444 1035 propter
475 995 555 1025 artis
579 994 741 1025 inscitiam
766 994 943 1034 vituperari
969 994 1166 1035 sacerdotes,
1192 994 1245 1025 sed
1271 994 1357 1035 quod
1382 996 1504 1036 quanta

221 1048 339 1079 amoris
365 1048 396 1079 vi
416 1047 499 1079 Dido
524 1050 673 1088 correpta
698 1049 783 1079 esset
806 1059 870 1079 non
895 1048 1042 1089 viderint,
1066 1050 1103 1079 ut
1125 1048 1335 1079 admonerent
1354 1059 1418 1079 non
1438 1059 1503 1079 cre-

220 1102 368 1133 dituram.
416 1102 498 1133 alter
527 1101 718 1133 scholiastes
748 1101 929 1132 sacerdotes
961 1112 1105 1133 amorem
1134 1101 1267 1143 reginae
1292 1101 1422 1133 omnino
1448 1112 1502 1132 ne-

221 1156 355 1187 scivisse
388 1155 479 1193 dicit,
513 1154 597 1196 quod
630 1154 688 1186 illa
723 1166 778 1186 cur
806 1154 882 1186 deos
911 1154 1015 1186 adiret
1047 1155 1265 1186 occultaverit.
1293 1173 1329 1177 ——
1359 1155 1398 1186 ad
1423 1155 1502 1186 Aen.

222 1209 300 1241 VIII
332 1209 393 1241 173
423 1209 592 1251 vulgatum
625 1207 781 1239 scholium
812 1208 1027 1240 Floriaeensis
1057 1208 1286 1240 additamentis
1317 1210 1503 1250 corruptum

222 1275 290 1295 esse
316 1264 464 1305 apparet:
495 1273 575 1304 quae
600 1262 770 1293 eximenda
795 1264 870 1293 sunt
894 1264 926 1293 et
949 1262 1034 1293 inter
1058 1273 1092 1293 se
1116 1263 1188 1303 ipsa
1212 1262 1446 1304 coniungenda,
1469 1265 1506 1293 ut

222 1317 283 1349 hoe
317 1317 477 1348 scholium
512 1316 631 1347 existat
665 1315 790 1357 amm]
822 1317 853 1347 id
879 1318 921 1347 est
949 1316 1117 1348 sollewme'a.
1159 1316 1303 1348 sollemne
1326 1318 1427 1348 autem
1451 1316 1505 1347 hoc

222 1371 375 1412 (Sacrum)
399 1381 459 1402 esse
485 1371 546 1410 ipsc
569 1370 616 1400 alc
638 1369 726 1409 ‘forle
750 1370 798 1400 die
821 1369 994 1401 sollemnem
1014 1369 1067 1401 illo
1087 1380 1140 1401 rex
1160 1370 1262 1401 Arcas
1280 1369 1444 1402 honorem'.
1464 1387 1502 1391 —

223 1425 289 1456 alia
322 1424 418 1455 huius
453 1424 579 1465 generis
615 1423 737 1454 scholia
762 1433 1032 1454 commemorasse
1060 1423 1194 1464 sufficit,
1227 1423 1327 1455 veluti
1361 1423 1400 1454 ad
1425 1422 1504 1455 Aen.

222 1479 238 1510 1
266 1478 341 1519 135,
374 1478 450 1518 137,
482 1477 558 1517 178,
585 1477 660 1515 188,
681 1476 761 1517 335,
786 1476 864 1517 380,
889 1476 966 1518 518,
991 1477 1064 1508 542.
1111 1476 1143 1508 H
1168 1477 1222 1515 69,
1247 1477 1303 1518 99,
1330 1477 1405 1518 104,
1432 1477 1506 1518 123,

226 1533 297 1574 166,
323 1532 396 1563 768.
438 1530 486 1562 ΙΙΙ
514 1530 585 1571 170,
610 1529 683 1561 351.
721 1529 801 1561 VIII
827 1530 878 1571 51,
903 1530 980 1571 294,
1005 1530 1078 1572 322,
1103 1530 1182 1562 395:
1207 1531 1323 1572 quibus
1349 1530 1504 1571 exemplis

222 1586 301 1617 illud
326 1596 452 1627 quoque
478 1583 667 1624 ostenditur,
687 1583 865 1615 inserendis
885 1583 1066 1624 pleniorum
1092 1583 1249 1615 librorum
1275 1583 1504 1615 additamentis

223 1639 411 1680 saepissime
448 1638 570 1669 factum
609 1648 691 1678 esse,
734 1639 770 1668 ut
803 1637 931 1668 brevior
964 1637 1217 1669 commentarius
1250 1639 1370 1669 temere
1403 1637 1504 1668 inmu-

224 1695 355 1724 taretur.

316 1746 398 1777 Aliis
423 1745 502 1777 locis
528 1756 565 1776 ea
589 1755 669 1786 quae
689 1743 805 1775 Daniel
826 1744 949 1785 primus
970 1744 1071 1776 edidit
1091 1745 1384 1786 coniunctionibus,
1408 1744 1504 1776 ratio-

223 1800 352 1832 nalibus
381 1799 573 1840 praesertim
604 1798 862 1839 etcausalibus,
890 1799 998 1839 inepte
1028 1810 1100 1830 cum
1125 1798 1266 1840 vulgatis
1292 1809 1412 1829 conexa
1436 1809 1505 1830 esse

224 1854 377 1885 videmus.
420 1855 516 1893 atque
540 1851 821 1893 frequentissimus
847 1854 897 1883 est
921 1851 1022 1894 eergo'
1048 1852 1284 1883 coniunctionis
1309 1861 1400 1893 usus3
1425 1862 1504 1893 quae

225 1910 261 1939 ut
286 1907 411 1948 aliquot
435 1896 515 1938 lodis
540 1917 570 1947 p.
596 1907 624 1944 7,
651 1906 703 1946 113
729 1906 780 1945 24,
797 1906 833 1946 25
858 1906 909 1947 59,
925 1906 981 1947 243
1008 1906 1058 1947 73,
1075 1906 1092 1937 7
1119 1916 1209 1937 suam
1234 1905 1300 1936 vim
1324 1905 1435 1947 habet,
1459 1906 1506 1937 ita

225 1961 299 1993 aliis
329 1961 398 1991 sine
430 1960 554 1991 ratione
584 1959 691 2000 posita
720 1961 782 1999 est,
812 1961 847 1990 ut
871 1970 952 2000 quae
982 1959 1012 1990 in
1039 1958 1221 1990 Danielinis
1247 1959 1339 1990 libris
1363 1959 1448 1990 inter
1472 1969 1506 1990 se

226 2015 396 2046 coniuncta
421 2016 496 2045 sunt
518 2025 583 2044 non
607 2012 734 2054 possint
759 2013 804 2044 sic
828 2013 861 2044 in
886 2013 1019 2054 antiquo
1045 2013 1152 2054 aliquo
1177 2012 1410 2044 commentario
1435 2023 1507 2043 con-

226 2069 335 2100 iuncta
367 2067 475 2098 fuisse.
522 2067 561 2097 ad
591 2066 670 2097 Aen.
700 2066 714 2096 I
744 2066 787 2097 20
820 2066 851 2096 111
882 2066 1084 2098 brevioribus
1114 2066 1206 2097 libris
1235 2066 1314 2097 haec
1344 2065 1506 2106 adscripta

226 2124 301 2153 sunt
326 2134 477 2153 ,muscum
499 2132 519 2152 α
544 2120 614 2151 Iove
642 2121 697 2150 (tut.
725 2129 744 2150 α
772 2119 864 2150 Fatis
888 2144 893 2151 .
913 2145 917 2150 .
936 2145 941 2150 .
965 2122 993 2150 et
1013 2120 1108 2159 perite
1132 2118 1313 2156 ‘awadicratff
1342 2119 1376 2150 m
1398 2118 1505 2149 Ennio

226 2176 308 2208 anim
332 2175 489 2206 inducitur
512 2174 653 2213 Iuppiter
672 2173 856 2212 promittens
871 2173 1024 2205 Romanis
1043 2174 1194 2204 escidium
1214 2172 1419 2212 Carthayinis
1454 2171 1504 2202 his

226 2229 320 2270 plane
354 2228 515 2259 contraria
548 2228 622 2257 sunt
647 2237 727 2266 quae
753 2226 785 2257 in
811 2225 997 2258 Caesellano
1033 2229 1209 2268 sequuntur
1241 2226 1311 2257 benc
1340 2224 1505 2256 ‘audierat'

226 2283 316 2323 quasi
339 2282 374 2312 de
396 2281 519 2312 ‘z'mcrtis
542 2280 642 2319 rebus,
666 2282 700 2309 ut
723 2281 749 2310 cl
774 2279 891 2311 [caueret
914 2283 940 2310 et
963 2282 1097 2320 speraret
1120 2279 1225 2311 omnia
1243 2288 1302 2318 pro
1325 2288 1382 2309 sua
1401 2278 1504 2309 volvm-

228 2339 287 2367 mle
305 2345 394 2376 posse
416 2334 549 2371 mmmm·
574 2344 649 2364 nam
675 2332 759 2373 quod
785 2344 803 2363 a
822 2333 896 2364 Iove
921 2334 969 2364 vel
995 2346 1013 2365 a
1033 2333 1121 2364 Fatis
1147 2332 1359 2364 constitutum
1384 2333 1455 2362 erat
1474 2331 1505 2362 id

229 2392 351 2421 certum
380 2387 549 2420 videbatur
578 2388 610 2417 et
634 2385 825 2417 inmutabile
850 2387 992 2428 antiquis
1016 2386 1211 2418 homiuibus.
1267 2387 1376 2416 tamen
1399 2384 1427 2416 is
1452 2384 1507 2426 qui
