1690 2611
496 108 608 135 COMM.
629 108 667 134 IN
686 107 793 134 VERG.
814 108 897 134 AEN.
918 109 937 134 Ι.
958 111 1107 135 574-588.
1379 107 1441 138 175

161 190 289 222 retinet.
380 202 418 221 ET
434 202 544 222 ΠΒῩᾼΕ
563 202 714 222 rismum
731 203 755 221 E.
770 191 802 230 1,]
831 193 867 221 ut
889 190 1025 222 ostfflzslat
1051 190 1236 221 voluntatem
1263 192 1292 221 et
1318 189 1442 221 libenter

163 255 194 276 se
215 243 347 284 misisse,
370 244 424 283 qui
446 243 583 275 Aeneam
607 246 792 284 quaererent.

251 296 325 328 578.
362 305 506 328 EIECTVS
531 297 721 338 naufragus,
745 299 782 328 ut
807 297 971 328 eiectum
996 296 1114 327 litore
1139 298 1322 338 egentem.

251 351 325 382 579.
363 359 501 381 ANIMVM
525 359 672 382 ARREciu
695 352 774 381 nota
797 350 902 390 figura
926 351 982 381 est.

253 404 326 436 580.
364 413 553 435 IAMDVDVM
583 406 615 435 et
643 404 722 445 cito,
750 403 795 435 vel
817 413 911 443 quam
928 403 1070 443 primum
1096 402 1271 443 significat,
1294 404 1330 433 ut
1354 403 1443 434 iam·
1463 411 1477 434 5

164 457 300 488 dudum
326 457 465 488 sumite
488 468 646 498 poenas,
671 459 703 488 et
728 457 820 497 olim,
844 458 881 487 ut
903 456 965 487 hoc
990 456 1070 488 loco.

251 510 326 542 582.
363 519 485 542 SVRGIT
510 511 619 542 oritur.
666 512 698 542 et
721 512 771 542 est
794 510 967 541 translatio
992 509 1135 550 corporis
1161 509 1201 540 ad
1225 509 1384 549 animum,
1408 511 1443 540 ut

164 564 243 595 alibi
267 566 348 595 stat
372 564 548 595 conferre
573 574 721 594 manuni
745 563 906 594 Aeneae.

253 618 327 649 583.
365 629 495 649 cmssmz
510 629 663 651 socrosou
684 629 825 648 arcanos
846 616 985 657 syllepsis
1003 626 1062 656 per
1086 626 1236 647 numeros.
1283 614 1443 655 ereeepz‘os’

163 671 199 702 de
227 671 326 702 maris
350 670 486 711 periculo
514 669 667 710 liberatos,
698 672 732 700 ut
757 669 952 710 fruyesque
979 671 1155 710 receptas,
1185 669 1230 699 vel
1259 679 1279 699 a
1302 668 1441 705 Damione,-
1464 677 1495 699 10

164 734 237 755 nam
262 726 290 754 et
311 723 349 754 ab
372 734 407 754 ea
430 724 609 760 timuerant,
632 725 668 753 ut
689 723 736 753 ait
758 723 977 763 laetitia-que
999 725 1175 762 metuque.

254 777 326 808 584.
370 789 443 808 wvrs
465 788 558 808 ABEST
581 775 715 807 Oronten
738 776 901 816 significat.
990 785 1084 814 QVEM
1109 784 1255 807 vinnuvs
1280 784 1345 807 IPSI
1371 784 1446 806 svn-

166 840 306 862 MERSVM
331 830 416 871 quod
442 831 516 861 ante
547 829 667 861 doloris
696 829 816 870 fuerat,
846 831 883 860 ut
912 829 1035 870 ipsius
1067 831 1155 861 ante
1187 829 1333 870 oculos,
1363 839 1447 859 nunc

168 884 400 915 consolationis
426 886 488 923 est,
513 893 583 914 cum
608 883 711 914 cernit
732 894 842 914 omnes
867 882 1051 913 incolomes.

255 937 330 968 585.
368 945 482 968 DICTIS
502 945 734 968 RESPONDENT
760 945 893 968 CETERA
916 944 1043 967 MATRIS
1064 936 1159 967 modo
1179 938 1357 976 cowyrmmt,
1377 946 1448 966 con-
1470 944 1501 966 15

169 990 326 1030 sentiunt,
351 990 426 1031 quia
450 990 576 1021 dixerat
600 987 697 1031 supi-a
720 1000 883 1031 namque
907 989 983 1020 tibi
1007 989 1165 1020 reduces
1191 989 1329 1020 socios.
1373 988 1451 1020 alibi

172 1042 376 1084 ‘respondet'
402 1043 547 1084 respicit,
572 1045 607 1074 ut
630 1043 840 1084 respondet
864 1042 1009 1073 Gnosia
1032 1042 1159 1073 tellus.

257 1096 331 1127 587.
369 1105 508 1127 scmm'r
534 1105 573 1127 sn
599 1105 709 1127 Nx'ssEs
734 1096 835 1127 nubes
856 1098 983 1127 tantum
1005 1095 1151 1136 dicimus,
1175 1106 1240 1127 non
1258 1096 1351 1137 nubs,
1376 1096 1452 1127 licet

167 1149 309 1180 dicamus
334 1149 423 1180 trabs
448 1149 572 1190 trabes,
597 1150 694 1190 stirps
721 1149 852 1190 stirpes,
876 1160 953 1190 prex
978 1160 1088 1190 preces
1096 1174 1104 1190 ,
1127 1149 1219 1189 plebs
1244 1149 1362 1190 plebes.
1397 1149 1451 1180 sed

166 1203 204 1233 de
232 1202 283 1233 his
312 1204 438 1233 tantum
469 1214 549 1243 quae
578 1203 715 1243 legimus
750 1204 825 1234 sunt
858 1202 1018 1243 ponenda3
1052 1213 1118 1233 non
1152 1202 1235 1233 enim
1267 1203 1346 1234 artis
1377 1204 1452 1234 sunt
1471 1210 1505 1232 20

167 1257 239 1294 ista,
264 1256 319 1286 sed
342 1255 575 1296 usurpationis,
605 1266 668 1296 qua
691 1255 786 1286 metri
816 1266 912 1286 causa
936 1257 1071 1286 utuntur
1100 1257 1230 1296 poetae,
1259 1257 1295 1286 ut
1318 1255 1369 1286 vel
1394 1256 1451 1286 mi-

169 1311 270 1340 nuant
294 1309 344 1340 vel
369 1310 509 1350 augeant
532 1309 776 1345 nominativum.
824 1309 896 1339 inde
928 1311 977 1340 est
1006 1310 1038 1340 et
1063 1309 1207 1350 supellex
1232 1308 1452 1349 supellectilis.

260 1375 298 1394 Er
320 1375 352 1394 IN
374 1375 509 1393 AETHERA
529 1375 645 1394 I'l'RGAT
664 1375 803 1393 APERTVM
831 1363 905 1402 quia
938 1365 992 1393 aer
1020 1362 1159 1393 collect‘us
1188 1362 1281 1393 mibes
1307 1362 1390 1401 fecit,
1419 1364 1454 1392 πί

168 1417 275 1455 atque
308 1416 347 1446 in
378 1415 507 1446 nubem
539 1415 684 1455 coyitur
716 1418 792 1455 αόν,
824 1426 901 1455 quae
927 1416 1058 1455 puriore
1090 1418 1176 1446 remo
1210 1415 1387 1446 dissolvitur
1421 1416 1453 1446 ίη

168 1479 277 1500 aerem.
1469 1475 1502 1498 ‘25

258 1522 332 1553 588.
370 1530 532 1553 RESTITIT
556 1530 687 1552 AENEAS
713 1521 904 1553 abscedente
930 1522 1053 1553 scilicet
1077 1521 1170 1552 nube.
1263 1529 1450 1559 CLARAQVE

242 1657 256 1680 3
277 1653 408 1688 eiectum]
431 1654 462 1679 A.
483 1653 521 1679 IV
540 1656 591 1679 373
616 1654 625 1686 ΙΙ
648 1656 663 1679 5
690 1653 863 1687 iamdudum]
889 1654 920 1679 A.
945 1654 970 1679 ΙΙ
995 1656 1045 1679 103
1069 1654 1078 1687 ΙΙ
1102 1656 1117 1679 8
1145 1653 1214 1687 stat]
1241 1653 1273 1678 A.
1299 1652 1349 1678 XII
1374 1655 1425 1679 678
1445 1659 1452 1685 ξι

174 1692 205 1715 10
224 1689 383 1723 frugesque]
404 1690 436 1715 A.
457 1690 467 1714 I
489 1692 539 1715 178
554 1690 562 1722 Η
580 1692 608 1714 11
631 1688 807 1723 laetitiaque]
824 1691 855 1714 A.
872 1690 883 1714 I
900 1692 950 1715 514
965 1691 974 1723 ΙΙ
990 1693 1021 1715 13
1042 1689 1141 1723 ipsius]
1162 1689 1193 1714 A.
1210 1689 1220 1714 Ι
1238 1689 1312 1722 11411
1329 1692 1360 1714 16
1375 1696 1451 1714 nam-

171 1725 236 1758 que]
257 1726 288 1751 A.
308 1725 319 1750 Ι
339 1728 390 1751 390
413 1726 422 1758 Η
448 1728 477 1750 17
499 1724 658 1758 respondet]
678 1725 710 1750 A.
731 1725 767 1750 VI
788 1728 821 1750 23
846 1726 855 1758 ΙΙ
878 1728 911 1750 24
931 1725 1026 1758 atque]
1048 1726 1079 1750 A.
1100 1724 1125 1750 V
1145 1727 1178 1750 ‘30

245 1852 256 1874 1
279 1848 380 1874 retinet
400 1849 448 1874 sed
474 1850 504 1874 ut
528 1858 547 1875 e.
564 1858 586 1882 q.
602 1857 622 1875 s.
644 1848 666 1875 G
687 1849 696 1882 ΙΙ
719 1852 734 1874 2
759 1848 880 1883 misisse]
907 1849 1052 1875 missuram
1076 1849 1131 1875 sive
1154 1848 1266 1875 iussisse
1290 1849 1358 1874 coni.
1379 1848 1452 1875 Bur-

173 1892 290 1910 mannus
313 1885 322 1916 n
346 1888 361 1909 3
384 1884 420 1910 ad
437 1892 460 1910 v.
482 1886 532 1910 578
553 1884 675 1918 Eiectos]
696 1884 847 1918 naufragus
868 1906 873 1911 .
891 1906 896 1910 .
914 1906 918 1911 .
941 1886 1077 1918 egentem.
1100 1884 1127 1909 P
1148 1885 1157 1918 ΙΙ
1180 1888 1196 1910 4
1216 1885 1253 1910 ad
1271 1893 1294 1910 v.
1315 1888 1365 1911 579
1387 1885 1453 1910 Ani-

174 1929 249 1945 mum
269 1919 382 1953 arrecti]
403 1920 470 1945 nota
489 1919 578 1952 figura
597 1920 646 1945 est.
670 1920 696 1945 P
717 1921 725 1953 ΙΙ
750 1924 764 1945 5
791 1921 827 1946 ad
845 1929 868 1947 υ.
890 1923 940 1946 580
965 1920 1142 1954 Iamdudum]
1168 1921 1196 1946 et
1219 1920 1274 1946 cito
1298 1920 1344 1946 uel
1368 1928 1453 1953 quain

172 1955 293 1988 primum
313 1975 341 1980 ..
384 1963 502 1988 poenam
525 1956 556 1980 ut
580 1955 647 1981 olim
670 1955 723 1981 hoe
747 1955 818 1982 loco.
840 1956 867 1980 P
888 1957 897 1990 ΙΙ
921 1959 936 1981 6
961 1958 989 1982 et
1013 1955 1079 1982 olim
1104 1964 1153 1982 om.
1180 1955 1201 1981 0
1223 1956 1232 1988 ΙΙ
1257 1958 1271 1981 9
1297 1956 1334 1981 ad
1356 1964 1380 1981 11.
1401 1958 1452 1982 583

175 1990 276 2016 Omnia
295 1990 410 2016 classem
431 1990 574 2023 sociosque
593 1990 732 2024 receptos]
753 1991 892 2024 silempsis
911 2000 961 2024 per
980 1999 1116 2017 numeios.
1139 1991 1166 2016 P
1183 1992 1192 2025 ΙΙ
1211 2000 1304 2016 eiAssE
1325 1991 1348 2017 O
1364 1991 1373 2025 ΙΙ
1392 2000 1453 2024 syn-

174 2025 239 2052 ]esis
260 2025 283 2052 G
303 2027 312 2059 ΙΙ
337 2029 366 2051 11
388 2025 521 2051 timei-ant
542 2026 564 2051 C
585 2026 593 2057 ΙΙ
618 2028 650 2050 12
675 2027 711 2051 ml
734 2035 757 2052 1
779 2029 830 2052 584
855 2026 931 2052 Unus
951 2027 1043 2061 abest]
1071 2026 1204 2052 Orontem
1228 2025 1375 2060 significat.
1402 2027 1454 2061 P]

179 2064 209 2087 13
229 2061 309 2088 dolor
328 2061 381 2093 ΗΙΙ
402 2063 433 2086 18
453 2061 490 2086 cul
509 2070 531 2086 11.
553 2064 603 2087 587
626 2060 733 2086 Scindit
752 2069 780 2087 se
799 2061 897 2096 nubes]
918 2062 1004 2088 nubes
1024 2063 1133 2088 tantum
1154 2062 1271 2087 dicimus
1292 2083 1297 2087 .
1314 2082 1319 2087 .
1337 2083 1342 2088 .
1363 2062 1453 2095 supel-

173 2096 285 2123 lectilis.
313 2096 340 2122 P
361 2097 370 2129 ΙΙ
393 2106 449 2130 nup
452 2106 463 2122 s
491 2096 513 2121 C
534 2097 543 2129 ΙΙ
566 2096 632 2122 licet
657 2117 661 2122 .
685 2117 690 2121 .
712 2117 716 2122 .
745 2097 926 2130 supellectilis
950 2106 999 2123 om.
1023 2097 1050 2122 Β
1073 2098 1082 2130 ΙΙ
1108 2100 1138 2123 19
1165 2097 1252 2131 trabs]
1279 2097 1367 2123 trabis
1395 2098 1422 2123 P
1446 2113 1454 2131 :¹

175 2132 281 2166 trabes]
302 2132 387 2158 trabis
412 2140 444 2158 em
463 2132 556 2158 trabes
578 2131 600 2156 Ο
625 2132 717 2157 traucs
738 2132 766 2157 P
787 2133 796 2165 ΙΙ
819 2132 904 2165 stirps
928 2133 1028 2165 stiipes
1052 2141 1101 2158 om.
1123 2133 1159 2158 M
1181 2134 1189 2165 ΙΙ
1213 2133 1303 2166 styrps
1324 2132 1346 2158 O
1372 2133 1453 2158 stirbs

176 2167 201 2192 L
215 2169 224 2201 ss
239 2167 351 2201 stirpes]
369 2169 396 2193 et
411 2167 510 2201 stirpes
527 2167 554 2192 P
572 2166 674 2200 styrpis
689 2175 721 2192 ex
737 2166 843 2200 sfyrpes
860 2167 882 2193 O
898 2170 947 2195 oni.
963 2168 995 2193 H
1006 2169 1015 2201 ΙΙ
1029 2176 1096 2201 prex
1120 2176 1215 2201 preces
1234 2168 1259 2193 L
1273 2168 1282 2201 ΙΙ
1295 2176 1380 2202 praex
1397 2168 1430 2194 ΙΙ
1445 2170 1453 2201 '-¹

176 2221 205 2246 et
222 2220 313 2254 precis
334 2221 362 2246 P
382 2220 473 2254 precis
493 2220 516 2246 Ο
537 2228 651 2254 praeces
672 2220 704 2245 Η
724 2220 733 2253 ΙΙ
756 2220 810 2253 plis
835 2220 905 2254 (ples
926 2221 970 2253 0²)
995 2221 1084 2254 plebis
1106 2221 1128 2247 G
1148 2221 1157 2254 ΙΙ
1182 2221 1229 2247 sed
1250 2242 1256 2249 .
1273 2243 1278 2248 .
1294 2242 1300 2247 .
1320 2221 1452 2255 legimus]

175 2255 208 2281 de
232 2255 275 2281 his
300 2257 394 2282 tamen
412 2264 484 2289 quae
504 2255 612 2289 legibus
634 2255 661 2280 P
683 2256 691 2288 ΙΙ
714 2258 748 2281 20
768 2255 877 2289 legibus
898 2255 921 2281 G
942 2257 1019 2289 (corr.
1041 2256 1085 2289 0²)
1108 2257 1118 2290 l]
1141 2260 1174 2283 22
1199 2258 1227 2283 et
1252 2256 1452 2291 suppellectilis

177 2291 232 2317 ΟΡ
257 2292 266 2324 ΙΙ
294 2294 326 2317 26
351 2292 388 2317 ad
411 2300 434 2318 v.
455 2294 506 2318 588
530 2291 645 2318 Restitit
668 2291 788 2325 Aeneas]
812 2291 979 2318 abscedente
1005 2313 1009 2318 .
1031 2314 1036 2318 .
1058 2314 1063 2319 .
1088 2292 1242 2326 derogauit.
1269 2293 1296 2318 P
1323 2294 1332 2325 11
1360 2300 1452 2318 ascen-

176 2326 258 2352 dente
278 2326 303 2351 L
322 2327 499 2360 (abscedente
519 2327 538 2360 I)
