1690 2611
707 100 921 127 PRAEFATIO.
1319 100 1447 127 XXXVII

169 187 203 216 et
217 184 378 216 Isidorum
395 183 631 225 Hispalensem.
655 185 752 224 atque
773 193 789 214 e
812 193 844 213 m
851 182 943 223 ytho
951 183 1075 224 graph
1085 194 1189 214 orum
1210 183 1338 224 scriptis
1353 183 1448 223 primi

168 238 270 270 solius
293 238 397 269 libros
423 249 494 269 cum
523 236 627 269 Servii
656 236 889 268 commentario
914 237 1096 267 accuratius
1121 247 1306 278 comparare
1331 247 1447 277 operae

167 292 308 333 pretium
333 294 390 323 est.
432 290 588 323 secundus
620 290 704 321 enjm
729 301 748 321 a
771 289 876 331 primo
901 290 1055 330 pleraque
1079 290 1208 330 petivit,
1237 301 1337 330 pauca
1367 302 1447 331 quae

168 345 208 377 ab
233 356 270 377 eo
295 346 416 377 omissa
444 356 513 377 esse
542 343 674 375 videbat
702 354 718 374 e
748 342 850 374 Servii
881 343 981 383 copiis
1012 343 1144 374 addidit.
1186 344 1302 374 tertius
1332 346 1448 384 autem,

167 399 223 441 qui
247 410 320 430 cum
342 399 387 440 (2,
402 399 423 430 4
445 406 475 440 p.
503 398 564 429 159
589 396 692 438 Bode)
714 397 869 428 Ioannem
889 395 1021 428 Scotum
1045 397 1238 436 laudaverit,
1263 396 1313 427 vix
1339 399 1447 437 potest

168 454 242 484 ante
267 452 427 484 decimum
452 451 617 483 saeculum
643 450 826 491 scripsisse,
851 450 911 481 etsi
936 448 1082 481 Servium
1103 450 1215 481 multis
1241 450 1320 481 locis
1345 450 1446 481 nomi-

167 506 272 547 navit,
301 508 411 537 tamen
434 504 474 536 ad
502 504 597 535 huius
627 503 752 535 scholia
783 503 823 534 ab
853 503 991 534 aliorum
1021 503 1212 534 commentis
1243 503 1448 535 discernenda

125 590 130 596 ,
167 570 234 591 11011
264 559 338 600 Ρ1115
373 557 577 589 auctoritatis
610 557 708 588 habet
747 567 843 597 quam
876 556 1041 587 breviores
1076 556 1198 588 codices
1230 557 1286 587 illo
1321 557 1446 588 saeculo

168 612 292 653 scripti.
323 611 448 653 primus
467 610 568 652 igitur
588 610 864 651 mythographus,
885 609 974 640 cuius
995 612 1084 641 aetas
1104 610 1228 641 incerta
1252 612 1300 641 est
1310 610 1332 651 Γ)
1340 635 1347 651 ,
1368 621 1447 651 quae

169 677 186 697 e
211 665 316 698 Servii
340 664 581 697 commentariis
607 663 791 704 exscripsit,
821 674 857 694 ea
883 674 955 694 cum
985 663 1125 704 vulgatis
1150 663 1258 704 libris,
1286 674 1351 694 non
1376 675 1445 694 cum

166 719 367 761 plenioribus
399 717 580 749 consentire
618 717 733 749 solent.
783 717 866 758 quod
898 719 934 747 ut
971 716 1127 757 exemplis
1159 716 1379 757 confirmetur,
1410 728 1446 747 ex

168 773 266 814 primi
290 771 453 803 Aeneidos
477 771 554 802 libri
579 770 811 802 commentario
838 781 890 801 eas
912 770 1038 801 fabulas
1060 781 1247 811 expromere
1270 770 1390 810 placet,
1415 770 1447 800 in

167 826 284 867 quibus
305 824 492 857 enarrandis
512 824 784 866 mythographus,
805 823 951 855 Servium
969 826 1107 865 secutus,
1127 823 1254 854 brevior
1273 823 1335 854 fuit
1351 835 1446 864 quam

164 879 221 911 ille
261 879 316 920 qui
349 878 527 919 pleniorem
561 878 829 909 commentarium
863 877 1053 918 composuit.
1108 876 1315 908 conferantur
1348 877 1448 918 igitur

167 933 253 964 inter
277 944 311 964 se
336 932 434 963 schol.
459 931 499 962 ad
522 943 551 962 v.
576 931 616 962 67
643 933 675 962 et
699 930 763 962 fab.
791 930 868 971 122,
893 930 932 961 ad
957 942 984 961 v.
1006 930 1070 962 ‚⁶273
1095 932 1126 961 et
1151 929 1171 960 f.
1191 930 1247 969 30,
1272 930 1311 960 3(1
1336 941 1362 960 v.
1382 930 1446 961 469

166 992 198 1017 et
222 986 242 1018 f.
268 986 347 1024 203,
372 985 412 1017 ad
435 996 464 1016 v.
479 985 543 1016 489
569 986 601 1016 et
625 984 645 1015 f.
666 984 740 1025 139,
767 984 805 1015 ad
835 995 861 1015 v.
887 984 951 1015 535
977 986 1008 1015 et
1033 983 1053 1015 f.
1078 983 1136 1024 32,
1166 983 1204 1014 ad
1228 995 1256 1014 v.
1281 983 1346 1014 550
1370 986 1402 1014 et
1426 983 1446 1014 f.

168 1040 245 1080 137,
270 1039 309 1070 ad
338 1050 366 1070 v.
391 1038 456 1070 570
479 1040 512 1069 et
540 1037 560 1069 f.
590 1038 648 1078 53,
679 1038 718 1068 ad
742 1049 773 1068 v.
797 1037 860 1068 693
887 1040 918 1068 et
942 1037 962 1067 f.
987 1037 1039 1068 34.
1078 1037 1202 1068 duobus
1232 1039 1338 1068 autem
1369 1037 1446 1068 locis

166 1092 426 1134 mythographus
442 1091 583 1123 'exhibet
608 1103 689 1133 quae
710 1091 743 1122 in
768 1091 913 1132 pleniore
933 1091 1018 1122 libro
1039 1092 1164 1130 extant,
1188 1091 1221 1121 'm
1246 1090 1446 1122 brevioribus

165 1146 403 1178 desiderantur:
432 1157 508 1177 nam
538 1147 570 1176 et
594 1145 755 1177 Chelones
785 1144 896 1176 fabula
921 1144 1014 1186 (101)
1048 1144 1081 1175 in
1106 1155 1168 1175 uno
1194 1143 1382 1175 Cassellano
1408 1143 1446 1174 ad

167 1211 196 1231 v.
220 1199 285 1231 505
319 1199 483 1240 adscripta
516 1200 565 1230 est
594 1200 625 1229 et
655 1209 735 1239 quae
768 1198 831 1229 fab.
865 1198 925 1229 138
956 1197 1129 1229 Servianae
1159 1198 1196 1228 de
1226 1197 1341 1229 Teucri
1369 1198 1446 1229 fatis

164 1253 346 1285 narrationi
369 1253 491 1284 inserta
516 1254 592 1284 sunt
618 1263 689 1283 cum
715 1251 897 1283 Cassellani
928 1251 966 1282 ad
998 1263 1025 1282 v.
1051 1252 1114 1283 619
1145 1251 1363 1283 additamento
1393 1252 1447 1282 ali-

166 1307 242 1348 quid
275 1306 498 1338 similitudinis
532 1305 662 1337 habent.
700 1308 814 1336 neutro
848 1307 958 1336 tamen
986 1305 1056 1336 loco
1086 1304 1362 1346 mythographum
1392 1308 1446 1336 aut

166 1360 333 1402 amplioris
354 1359 575 1391 commentarii
596 1361 761 1390 auctorem
782 1357 892 1390 Servio
909 1370 966 1390 sua
980 1359 1094 1390 debere
1115 1358 1263 1389 concedo.
1283 1358 1349 1389 scio
1370 1358 1444 1399 quid

167 1413 355 1454 responderi
378 1412 497 1453 possit:
527 1412 567 1443 ad
598 1424 626 1443 v.
651 1413 716 1443 505
745 1413 822 1453 ipsis
852 1414 966 1452 poetae
995 1412 1102 1443 verbis
1132 1411 1254 1442 ‘media
1283 1411 1445 1443 testudine

165 1465 295 1508 templi’
321 1466 360 1497 ad
384 1465 606 1506 exponendam
632 1465 793 1497 Chelones
813 1465 957 1496 fabulam
982 1466 1194 1506 interpretem
1218 1467 1343 1495 motum
1368 1476 1445 1500 esse,

165 1522 199 1553 in
222 1520 366 1553 oratione
390 1520 472 1551 nihil
497 1519 636 1551 inveniri
656 1519 741 1560 quod
762 1530 781 1550 a
800 1517 903 1550 Servii
923 1518 1155 1550 consuetudine
1176 1517 1359 1558 abhorreat,
1379 1518 1446 1549 vul-

167 1576 280 1616 gatum
314 1573 471 1605 scholium
506 1574 549 1614 (p.
581 1573 656 1613 157,
683 1572 835 1614 18—20)
869 1572 975 1603 verbis
1010 1583 1090 1613 quae
1125 1574 1199 1603 sunt
1235 1571 1311 1602 ‘hoc
1345 1581 1472 1616 genus-

166 1626 324 1659 fabrieae'
350 1638 374 1657 e.
396 1637 424 1667 q.
449 1637 472 1657 S.
500 1625 544 1668 (p.
564 1627 639 1666 158,
655 1625 689 1668 8)
713 1636 778 1657 non
802 1626 910 1666 inepte
935 1625 1130 1663 continuari,
1154 1625 1239 1656 inter
1265 1624 1444 1656 Cassellani

166 1683 200 1712 et
222 1679 458 1722 mythographi
482 1680 579 1711 verba
605 1690 675 1710 eam
701 1690 770 1710 esse
790 1679 1034 1710 similitudinem
1055 1689 1136 1719 quae
1161 1678 1232 1709 aliis
1258 1678 1336 1709 locis
1362 1678 1446 1709 inter

166 1734 261 1766 huius
282 1735 315 1765 et
330 1732 431 1765 Servii
446 1733 650 1765 narrationes
671 1732 935 1773 deprehendatur.
974 1735 1007 1763 at
1026 1731 1105 1763 haec
1125 1734 1316 1773 argumenta
1337 1742 1445 1772 quam-

165 1788 214 1818 vis
238 1787 331 1818 firma
355 1787 539 1827 videantur,
570 1797 603 1817 re
634 1797 710 1818 vera
738 1788 848 1818 tamen
872 1797 936 1817 non
967 1796 1036 1816 esse
1065 1785 1198 1823 idonea,
1227 1785 1342 1826 quibus
1369 1784 1445 1816 -Ser-

165 1839 253 1870 vium
275 1840 511 1881 mythographi
536 1841 702 1871 auctorem
726 1839 824 1870 fuisse
846 1839 1066 1879 confirmetur,
1090 1838 1151 1869 hoc
1173 1838 1319 1878 exemplo
1340 1840 1445 1869 osten-

167 1892 262 1923 ditur.
298 1893 418 1924 etenim
447 1893 649 1924 simillimum
679 1903 869 1924 consensum
905 1893 989 1923 inter
1018 1892 1163 1923 fabulam
1193 1892 1234 1922 75
1264 1894 1295 1922 et
1324 1890 1444 1922 Floria-

169 1956 262 1977 cense
291 1945 331 1977 ad
355 1946 434 1977 Aen.
457 1945 504 1977 IV
533 1946 575 1978 99
605 1946 764 1977 scholium
793 1946 902 1987 habes,
932 1946 1016 1987 quod
1042 1946 1082 1977 ad
1107 1944 1253 1976 Servium
1282 1955 1347 1975 non
1376 1955 1444 1975 esse

167 1999 369 2030 referendum
392 1999 487 2030 certis
512 1999 710 2040 argumentis
737 1999 838 2030 evinci
861 2001 979 2040 potest.
1016 2000 1043 2030 is
1069 1999 1154 2030 enim
1179 1998 1218 2029 ad
1243 1997 1355 2029 Aen.I
1380 1998 1441 2029 651

168 2053 204 2083 ut
236 2052 364 2083 doceret
399 2063 453 2083 cur
482 2051 723 2093 ‘Hymenaeos’
752 2055 850 2093 poeta
877 2064 936 2093 pro
965 2053 1087 2094 nuptiis
1117 2052 1264 2091 dixisset,
1293 2051 1442 2092 quoniam

166 2105 265 2136 aliam
289 2105 326 2135 de
351 2103 541 2145 Hymenaeo
566 2105 754 2136 memoriam
782 2107 950 2146 tamquam
973 2105 1092 2136 falsam
1121 2105 1289 2144 refutavit,
1319 2115 1355 2135 ex
1386 2104 1442 2134 1113

166 2158 278 2190 fabula
310 2169 391 2199 quae
423 2158 516 2189 utilia
550 2158 742 2189 videbantur
773 2158 982 2199 deprompsit.
1027 2158 1066 2189 (16
1099 2158 1195 2189 rebus
1226 2160 1334 2189 autem
1364 2168 1442 2197 quas

232 2282 257 2312 1)
276 2280 310 2307 cf.
331 2280 406 2307 Bode
426 2279 520 2314 script.
541 2288 592 2306 rer.
613 2280 700 2314 myth.
721 2280 805 2314 praef.
826 2289 852 2314 p.
873 2280 960 2313 XVH,
981 2279 1050 2306 Zink
1077 2280 1111 2306 de
1131 2279 1279 2314 Fulgentio
1300 2278 1440 2312 mythogr.

161 2329 188 2354 Ρ.
209 2323 254 2354 15,
274 2318 433 2354 Iun'gmann
451 2320 558 2354 quaest.
579 2319 706 2354 Fulgent.
727 2319 756 2345 in
774 2319 844 2346 actis
863 2328 917 2346 soc.
938 2319 1006 2354 phil.
1027 2319 1100 2354 Lips.
1123 2321 1134 2346 I
1158 2329 1185 2353 p.
1206 2323 1239 2345 50
1259 2328 1296 2352 sq.
