1690 2611
493 116 605 143 COMM.
626 117 666 143 IN
684 116 791 143 VERG.
811 116 894 144 AEN.
914 117 946 142 Π.
967 119 1116 144 658-681.
1373 117 1436 148 317

248 198 321 230 670.
359 211 506 234 Νηιριωι
524 208 583 238 pro
606 208 681 239 non,
704 200 740 229 ut
761 208 958 237 numquam
981 197 1086 229 hodie
1109 198 1276 239 effuqies.

247 251 320 283 672.
357 265 545 284 INSERTABAM
564 251 785 283 cunctationem
808 251 937 282 ostendit
958 251 1012 282 hoc
1035 252 1120 282 verbo
1139 252 1216 289 cius,
1240 252 1294 292 qui
1316 262 1369 283 nec
1392 252 1437 282 irc

157 306 199 336 ad
215 305 371 345 proelium
393 305 475 346 velit,
499 315 551 336 nec
574 305 697 336 domum
719 305 896 344 relinquere.
942 305 985 336 sic
1008 307 1035 335 et
1059 304 1214 343 ‘ferebam'
1238 305 1326 336 dixit.

246 358 319 390 674.
357 372 445 390 mm
464 358 574 390 melius
597 357 716 398 ‘patria
740 368 834 398 quam
858 357 970 389 ‘nciliiffl
1058 366 1245 388 TENDEBAT
1271 358 1435 399 offerebat,

157 412 212 443 sed
236 412 386 443 manibus
411 423 483 443 eum
508 416 649 453 gestans.

246 466 319 497 675.
358 474 387 497 SI
405 473 596 496 PERITVRVS
616 473 693 496 ABIS
715 466 940 506 argumentum
960 464 1125 505 dilemma,
1145 464 1176 494 id
1195 466 1244 495 est
1259 465 1436 505 conplexio,

157 529 238 559 quae
263 518 483 550 adversarium
508 518 548 550 ab
574 520 710 559 utraque
734 520 826 559 parte
851 517 1022 549 concludit.

246 572 318 603 676.
356 585 506 604 EXPERTVS
532 572 660 611 quidam
682 572 886 612 participium
909 571 1071 612 praeteriti
1100 572 1242 611 temporis
1269 572 1344 611 [sed]
1375 572 1436 602 vim

150 625 322 663 praesentis
345 624 452 656 habere
474 625 591 665 volunt,
615 625 689 664 quia
707 634 853 664 praesens
877 625 984 664 deficit.

245 678 318 709 677.
357 678 595 710 Twfflnsnoiumff
617 677 671 709 hoc
694 680 737 708 est
759 678 808 708 cui
831 678 981 716 defensori
1004 678 1222 719 relinquimur,
1250 678 1278 709 si
1302 680 1334 709 tu
1357 679 1435 709 dese-

156 731 223 761 ris?
295 740 351 763 CVI
372 739 504 762 PARVVS
524 740 625 762 IVLVS
651 731 884 772 interrogantis
910 734 967 762 est.
1005 733 1037 762 et
1062 731 1158 762 simul
1183 731 1328 772 epitheto
1354 742 1436 763 com-

156 784 287 815 mendat
311 786 459 816 aetatem.

245 837 318 868 678.
357 845 511 869 CONIVNx
542 846 714 874 QVONDAM
745 837 940 878 ‘quondam'
972 839 1028 868 aut
1059 837 1232 878 aliquando
1264 838 1436 879 significat,

156 890 249 931 quasi
280 901 363 922 nunc
393 901 472 921 uxor
503 901 567 921 non
599 890 642 921 sit
674 902 756 931 quae
785 891 987 932 relinquitur.
1035 893 1091 922 aut
1123 893 1207 922 certe
1239 890 1435 932 ‘quondam'

156 942 305 984 ‘semper’
330 943 505 984 signifieat,
536 946 572 974 ut
595 944 628 974 in
653 944 812 984 georgicis
837 943 907 983 <III
931 944 994 984 99>
1021 946 1062 975 ut
1091 944 1279 985 quondam
1304 945 1341 975 in
1365 944 1434 975 sti-

155 996 259 1037 pulis
280 1007 438 1037 magnus
459 996 540 1027 sine
560 996 711 1027 viribus
736 996 852 1037 ignis,
877 998 908 1027 et
925 999 986 1038 est,
1011 1008 1107 1037 quam
1124 1008 1250 1038 semper
1266 998 1435 1038 coniugem

155 1050 342 1081 nominasti.
380 1049 494 1080 haberi
514 1049 597 1080 enim
623 1049 754 1090 quaevis
779 1052 921 1090 poterat,
945 1050 1105 1081 nominari
1129 1061 1194 1082 non
1218 1050 1281 1081 nisi
1305 1050 1435 1081 nobilis.

155 1105 183 1133 et
206 1103 276 1133 bene
301 1104 350 1142 [ex
373 1103 463 1134 ductu
488 1102 674 1141 litterarum]
700 1103 781 1142 quod
802 1105 978 1134 eventurum
1007 1104 1102 1141 timet,
1133 1105 1223 1143 quasi
1250 1105 1315 1135 iani
1343 1105 1434 1135 conti-

101 1180 107 1186 ,.
152 1156 243 1196 ycrit,
267 1156 370 1195 deflet;
394 1166 424 1187 sc
442 1158 544 1186 autem
563 1156 628 1186 ideo
647 1155 788 1186 ultimant
809 1156 898 1196 facit,
922 1157 1003 1196 quod
1020 1157 1088 1195 ipsa
1109 1156 1250 1196 loquitur.
1283 1158 1435 1188 diversam

99 1340 117 1348 l

155 1211 256 1239 autem
279 1211 407 1239 aetatem
425 1209 530 1248 pueri,
558 1209 640 1239 senis
668 1211 695 1239 et
720 1208 854 1247 feminae
877 1209 919 1240 ad
941 1210 1167 1240 miserationem
1191 1211 1435 1242 commovendam

156 1262 276 1292 videtur
299 1262 418 1293 obicere.

244 1315 317 1347 680.
355 1328 489 1347 swerman
503 1326 562 1356 pro
587 1315 715 1347 ‘subito’.
753 1316 929 1347 adverbium
952 1318 997 1348 est
1015 1317 1157 1356 temporis
1176 1317 1340 1348 secumdum
1363 1320 1435 1348 vete-

155 1378 210 1399 res.
302 1381 405 1401 ORITVR
429 1369 571 1400 oriuntur
594 1369 713 1409 divina,
737 1371 772 1400 ut
793 1369 865 1400 Sol:
894 1370 958 1401 ideo
982 1372 1010 1401 et
1032 1370 1136 1409 †qnia
1159 1371 1304 1402 dicuntur
1327 1371 1434 1402 oritur.

246 1421 318 1452 681.
355 1430 472 1453 MANVS
500 1431 607 1453 INTER
640 1422 779 1453 mutavit
813 1424 979 1454 accentum
1011 1424 1211 1464 praepositio
1242 1424 1434 1464 postposita.

157 1485 232 1505 sane
257 1473 363 1504 ‘inter'
387 1474 574 1515 plerumque
598 1485 656 1514 pro
682 1474 762 1515 ‘per'
787 1475 931 1516 ponitur,
956 1476 1011 1506 sed
1035 1487 1108 1507 raro
1135 1476 1218 1517 apud
1243 1476 1434 1518 Vergilium,

156 1529 193 1558 ut
212 1526 295 1567 <VII
311 1527 373 1567 30>
398 1527 494 1558 hunc
514 1528 617 1558 inter
636 1527 759 1559 fluvio
779 1528 986 1560 Tiberinus
1012 1540 1179 1561 amoeno.
1217 1530 1303 1561 bona
1327 1533 1435 1562 autem

228 1617 241 1639 1
262 1623 413 1648 numquam
433 1623 483 1648 pro
503 1615 570 1649 non]
591 1614 625 1640 cf.
645 1615 714 1641 Don.
735 1615 771 1641 ad
791 1616 852 1642 Ter.
872 1616 956 1642 Andr.
977 1617 1001 1642 11
1022 1620 1046 1649 4,
1068 1620 1090 1643 7.
1120 1625 1181 1643 eun.
1202 1617 1226 1642 II
1246 1620 1270 1649 3,
1286 1618 1434 1650 9811111111]-

155 1649 251 1684 quam]
272 1649 333 1675 buc.
354 1650 391 1675 111
411 1653 443 1676 49

227 1732 243 1754 4
263 1730 299 1755 ad
317 1737 340 1755 v.
361 1733 412 1755 674
432 1729 587 1764 Tendebat]
609 1729 748 1757 offerebat.
772 1730 799 1755 P
818 1731 827 1764 ΙΙ
851 1733 865 1756 5
886 1731 934 1757 sed
954 1731 1080 1757 manibus
1100 1731 1143 1756 H.-
1163 1731 1212 1757 sed
1231 1740 1285 1757 non
1304 1731 1432 1757 manibus

156 1764 310 1790 LMEC*.
330 1766 364 1797 cf.
384 1764 457 1791 Serv.
478 1765 514 1791 ad
533 1773 556 1792 v.
573 1767 621 1790 681
638 1766 677 1797 116
697 1767 826 1799 argutum
848 1766 869 1792 (J
882 1768 890 1799 ΙΙ
905 1766 1008 1792 (lilema
1028 1767 1093 1792 LH
1117 1767 1220 1793 delima
1241 1767 1323 1792 MEZ
1337 1768 1346 1800 ΙΙ
1361 1769 1376 1792 8
1396 1767 1433 1793 ad

156 1808 179 1827 v.
201 1802 251 1825 676
271 1799 418 1834 Expertus]
439 1800 553 1833 quidam
572 1800 751 1834 participium
773 1823 777 1827 .
799 1823 804 1826 .
827 1823 831 1828 .
852 1802 952 1828 deficit.
975 1802 1001 1827 P
1018 1803 1027 1835 ss
1048 1802 1230 1835 praeteritum
1249 1803 1359 1836 tempus
1381 1802 1408 1827 P

157 1836 199 1861 set
219 1835 246 1860 P
267 1836 276 1868 ΙΙ
305 1838 336 1860 10
358 1836 394 1861 ad
412 1844 435 1862 v.
456 1839 506 1861 677
528 1836 630 1862 Tutare
649 1835 774 1870 domum]
802 1837 855 1862 hoc
874 1838 916 1863 est
935 1837 979 1863 eui
999 1837 1138 1863 defensori
1157 1837 1330 1870 (defensoris)
1350 1837 1431 1863 relin—

157 1870 284 1903 quimur?
305 1870 332 1895 P
353 1871 362 1903 ΙΙ
387 1873 416 1896 11
439 1871 582 1904 epitheton
602 1871 645 1896 est
663 1872 695 1897 H
715 1872 724 1905 ΙΙ
750 1875 780 1897 13
801 1873 837 1898 ad
855 1881 878 1898 v.
899 1875 950 1898 678
975 1872 1099 1898 Coniunx
1118 1873 1270 1907 quondam]
1292 1872 1431 1906 quondam

185 1926 190 1931 .
211 1925 216 1930 .
236 1913 305 1931 uxor
327 1914 382 1932 non
406 1905 448 1931 sit.
487 1907 535 1932 aut
558 1907 698 1939 quondam
713 1907 857 1941 (condam)
878 1916 986 1941 semper
1009 1908 1161 1941 significat,
1186 1909 1218 1934 ut
1241 1908 1270 1934 in
1293 1908 1431 1942 georgicis

157 1941 247 1974 (gyor)
270 1940 425 1974 ‘quondam
445 1942 583 1974 (condam)
605 1963 610 1968 .
631 1963 635 1968 .
657 1962 662 1967 .
684 1942 830 1976 coniugem
849 1943 1007 1970 nominasti.
1030 1944 1057 1968 P
1075 1944 1084 1977 ss
1110 1946 1140 1969 15
1160 1943 1190 1969 in
1206 1946 1268 1976 post
1290 1943 1431 1976 quondam

157 1984 206 2003 om,
222 1976 305 2009 LHn
322 1979 352 2001 16
373 1977 401 2002 et
420 1977 463 2002 est
477 1977 643 2002 HMEPI:
662 1979 782 2004 aetatem
797 1979 822 2003 L
851 1980 879 2004 et
897 1980 940 2004 est
959 1987 1053 2004 sensus
1071 1979 1093 2005 G
1110 1982 1133 2005 et
1148 1979 1298 2005 Fabricius
1312 1980 1321 2012 ΙΙ
1337 1982 1367 2004 17
1383 1987 1431 2012 po-

156 2011 259 2045 terasp'st
282 2011 308 2036 L
335 2011 465 2045 poterant
484 2012 520 2037 M
541 2013 550 2045 Η
573 2012 679 2038 nobiles
700 2013 736 2038 M
758 2014 766 2046 ΙΙ
795 2017 827 2039 18
848 2022 880 2040 ex
899 2014 985 2040 ductu
1004 2014 1161 2040 litterarum
1185 2015 1287 2040 seclusi.
1325 2015 1432 2040 ridetur

157 2047 227 2073 enim
242 2046 388 2079 Scioppius
402 2047 557 2080 significare
570 2048 696 2079 voluisse,
716 2049 745 2074 et
764 2049 834 2074 bene
853 2057 908 2074 non
926 2050 994 2075 satis
1013 2058 1146 2082 apparere
1165 2050 1195 2075 in
1212 2050 1307 2076 codiee.
1323 2051 1332 2083 ΙΙ
1347 2053 1379 2075 22
1395 2050 1432 2076 ad

156 2090 180 2108 v.
201 2085 252 2108 680
273 2081 413 2116 Subitam]
434 2090 484 2116 pro
505 2082 596 2108 subito
617 2104 622 2109 .
640 2104 644 2108 .
662 2103 667 2109 .
687 2085 802 2109 ueteres.
825 2083 851 2109 P
863 2085 872 2117 11
890 2084 1024 2118 temporis
1044 2085 1081 2110 P.-
1100 2084 1204 2111 ordinis
1225 2085 1273 2118 011.
1286 2088 1319 2111 ‘23
1339 2086 1371 2111 ut
1390 2085 1431 2111 eol

157 2117 220 2143 ideo
241 2117 433 2143 C'onznzelinus:
452 2119 483 2143 ut
498 2118 550 2143 soli
565 2118 617 2144 deo
635 2117 657 2143 C
668 2119 676 2150 ΙΙ
691 2119 720 2144 et
733 2119 819 2151 ignis,
839 2119 904 2152 quia
919 2119 957 2145 dii
973 2119 1104 2152 fundunt,
1122 2121 1208 2147 oritur
1223 2120 1258 2146 F.
1274 2121 1430 2146 Schoellius.

157 2153 272 2185 fortasse
291 2153 319 2178 et
337 2153 466 2186 prodigia
485 2153 613 2179 dicuntur
633 2153 697 2179 oriri
715 2154 724 2187 ΙΙ
748 2157 781 2179 24
801 2155 837 2180 ad
855 2163 879 2180 v.
900 2157 949 2180 681
974 2155 1072 2181 Manus
1091 2155 1176 2190 inter]
1197 2155 1317 2182 mutavit
1335 2164 1431 2182 aecen-

157 2189 217 2213 tum
237 2188 406 2221 praepositio
425 2188 590 2222 postposita.
620 2188 785 2223 Monstrum]
806 2198 823 2215 a
841 2190 1033 2224 monstrando,
1053 2190 1082 2216 id
1102 2192 1144 2217 est
1163 2191 1300 2217 monendo
1320 2190 1430 2223 dicitur,

158 2224 187 2249 et
208 2223 328 2249 refertur
347 2224 382 2250 ad
401 2232 530 2257 praesens
554 2223 720 2257 significatio
740 2224 798 2250 eius
818 2224 1078 2259 (significationem).
1116 2226 1276 2260 prodigium
1295 2235 1360 2252 uero
1380 2227 1431 2257 est,

158 2258 231 2291 quod
250 2259 324 2292 (que)
345 2279 350 2285 .
366 2280 371 2285 .
389 2281 393 2285 .
413 2259 652 2293 significationem.
675 2259 702 2284 P
719 2259 728 2292 ΙΙ
746 2260 902 2293 postposita
920 2260 1091 2294 praepositio
1112 2262 1148 2287 M
1165 2263 1174 2295 ΙΙ
1193 2264 1225 2287 25
1245 2270 1294 2295 pro
1314 2270 1363 2295 per
1382 2269 1430 2294 po-

157 2293 232 2319 nitur
255 2294 319 2319 LH
323 2294 360 2320 M
364 2294 406 2319 E:
433 2294 613 2328 praeponitur
638 2294 665 2320 C.
691 2295 901 2328 (cf.¹Scioppius
924 2299 1036 2329 suspect.
1061 2297 1116 2324 lect.
1142 2297 1179 2322 ΙΙΙ
1199 2298 1226 2329 5)
1255 2296 1431 2330 postponitur

158 2328 299 2355 Leidensis
316 2329 488 2362 Burmanni,
509 2329 543 2356 F.
559 2329 707 2356 Schoellius
726 2330 758 2356 de
776 2338 830 2357 acc.
851 2331 867 2356 l.
888 2331 904 2357 l.
924 2340 950 2364 p.
972 2334 1021 2357 185
1041 2332 1050 2365 fl
1068 2334 1101 2357 26
1116 2332 1235 2357 ,fluuium
1258 2331 1306 2357 Ml

1455 418 1470 441 U!

1456 684 1488 707 10

1456 950 1487 973 15

1454 1216 1488 1239 20
