1690 2611
494 120 608 147 COMM.
627 120 667 146 IN
685 119 792 146 VERG.
812 120 896 146 AEN.
915 120 948 146 Π.
969 123 1117 148 599—606.
1377 120 1439 151 307

168 202 326 242 Troianis,
350 202 425 242 quia
447 212 515 233 eum
538 212 605 233 eam
628 201 723 233 Paris
745 202 862 241 rapuit,
891 202 933 232 ad
954 201 1125 242 Acyyptum
1144 201 1298 242 profectus
1320 203 1441 243 dicitur,

165 257 281 286 mutato
305 256 424 286 itineris
451 265 556 297 cursu,
584 266 621 286 ne
643 266 664 286 a
688 254 815 286 Graecis
836 254 914 293 forte
937 255 1160 294 insequentibus
1184 255 1440 296 comprehendere-

166 311 224 339 tur.
262 308 304 340 ibi·
326 319 346 339 a
365 308 474 340 Proteo
497 310 631 348 receptus
653 307 790 348 hospitio.
827 308 880 339 secl
901 317 968 338 eum
988 307 1108 338 Helena
1128 308 1235 339 Proteo
1258 319 1348 340 suam
1368 319 1441 340 nar-

164 364 262 393 rasset
283 362 448 400 iniuriam,
472 362 510 393 ab
533 372 564 392 eo
588 363 703 392 retenta
725 363 776 392 est.
814 363 878 391 tum
896 361 962 392 sine
980 371 1015 391 ea
1030 360 1125 392 Paris
1148 362 1229 392 venit
1249 363 1290 393 ad
1306 362 1441 393 Troiam.

166 414 280 446 Graeci
302 418 405 447 autem
421 418 567 456 putantes
590 415 670 455 quod
692 414 891 446 occultaretur
908 425 928 445 a
948 414 1095 445 Troianis
1113 417 1141 445 et
1159 415 1272 445 nollent
1293 416 1353 446 sibi
1375 426 1439 447 eam
1460 420 1475 442 5

165 470 298 507 reddere,
322 470 494 500 deleverunt
513 469 639 499 Troiam
661 468 794 507 frustra,
818 478 887 498 cum
907 467 1039 498 Troiani
1061 478 1127 498 vere
1149 468 1280 499 dicerent
1302 479 1332 500 sc
1351 469 1442 500 Hele-
1463 479 1469 483 ·

164 533 240 554 ‘nam
262 533 325 554 nou
347 523 465 554 vidisse.
511 522 569 553 alii
591 522 696 553 dicunt
718 532 738 552 a
762 521 870 552 Proteo
894 521 1014 560 quidem
1033 520 1187 551 Helenam
1207 521 1319 552 Paridi
1341 522 1442 553 subla-

165 578 229 607 tam
252 578 280 607 et
301 576 482 616 quibusdam
505 575 678 615 disciplinis
695 575 886 614 phantasma
909 575 943 605 in
966 574 1199 605 similitudinem
1221 574 1358 606 Helenae
1380 575 1440 606 Pa-

165 630 228 660 ridi
255 629 374 669 datum,
400 639 494 669 quam
521 629 688 669 imagyinem
718 629 766 659 ille
793 629 836 660 acl
863 628 989 659 Troiam
1018 628 1130 658 dieitur
1151 628 1330 668 pertulisse:
1363 629 1444 668 qnod

164 683 256 714 etiam
275 682 446 713 Homerum
468 682 574 713 volunt
596 683 724 722 tetifjisse
747 682 909 721 subtiliter,
932 681 985 712 ubi
1004 681 1124 712 Aeneas
1148 692 1167 712 a
1188 682 1331 721 Neptuno
1355 692 1442 721 oppo-
1464 685 1494 708 10

164 737 225 767 sita
247 736 325 767 nube
349 735 502 767 liberatur.
548 732 632 776 ἀμφὶ
653 733 684 766 δ’
706 732 760 776 ἄρ’
783 733 909 778 εἰδώλῳ
934 735 1042 776 Τρῶες
1065 733 1119 765 καὶ
1145 735 1214 766 διοϊ
1233 733 1391 776 Zizaim*

165 798 349 820 LACAENAE
375 800 393 820 a
416 789 581 829 provincia
605 789 773 820 Laconica.
814 791 846 820 et
869 788 1061 829 notandum,
1085 788 1318 820 derivationem
1342 789 1442 820 mino—

164 853 233 874 rem
257 854 326 874 esse
350 854 369 873 a
392 842 647 883 principalitate,
672 842 756 883 quod
780 853 887 873 rarum
913 844 971 873 est.

254 897 328 928 602.
364 904 592 927 CVLPATVSVE
616 903 714 927 PARIS
739 895 940 935 criminosus,
965 905 1042 927 reus.
1125 908 1225 927 Dlrrn
1245 908 1442 927 nvczfflmxrm

166 950 292 981 latenter
315 949 363 981 hic
384 949 483 981 Venus
506 959 596 980 suam
613 951 731 989 purgat
751 949 900 980 iuvidiam
919 949 1056 989 dicendo,
1082 949 1209 980 Troiam
1229 949 1352 979 deoium
1374 959 1443 980 eon-
1465 953 1495 975 15

165 1004 333 1043 spiratione
356 1003 502 1040 sul>rerti;
521 1005 644 1043 poterat
666 1003 746 1033 enim
770 1003 798 1033 ei
821 1002 909 1043 obici,
933 1003 1014 1042 quod
1036 1002 1099 1033 nisi
1122 1002 1190 1042 ipsa
1215 1002 1356 1042 rapiendi
1379 1002 1441 1032 He-

166 1057 266 1088 lenam
289 1056 402 1088 Paridi
424 1058 530 1087 auctor
550 1056 671 1095 fuisset,
698 1055 792 1086 Troia
815 1066 875 1086 non
899 1056 1008 1095 fuisset
1031 1065 1139 1086 eversa.

254 1109 326 1140 604.
364 1116 485 1139 ASPICE
508 1108 546 1139 de
569 1108 712 1140 Homero
742 1110 894 1148 tractum,
924 1108 978 1149 qni
1006 1108 1129 1139 inducit
1151 1107 1331 1139 Minervam
1355 1119 1443 1149 prae-

166 1164 305 1193 stantem
329 1162 393 1193 ista
416 1161 574 1193 Diomedi.
620 1164 649 1192 et
671 1162 740 1192 bene
762 1161 991 1201 sulnlistinyzdt,
1019 1162 1093 1201 quia
1115 1172 1177 1192 non
1200 1162 1299 1193 solum
1321 1161 1444 1199 dicitur,

164 1216 216 1247 sed
241 1215 333 1246 etiam
361 1225 457 1246 mauu
485 1215 687 1255 significatur.
778 1224 921 1253 NAMQVE
955 1223 1077 1246 OMNEM
1109 1215 1186 1246 ordo
1218 1217 1281 1245 est:
1315 1226 1442 1246 omnem
1463 1219 1496 1241 ‘20

164 1268 225 1299 tibi
244 1268 364 1299 nubem
385 1268 534 1309 eripiam,
557 1279 638 1309 quae
658 1268 766 1299 umida
790 1268 909 1299 circum
935 1268 1055 1309 caligat
1081 1270 1112 1299 et
1136 1268 1290 1299 mortales
1310 1268 1444 1299 hebetat

164 1322 252 1353 visus
285 1321 398 1353 tuenti.
452 1321 570 1353 dicitur
603 1322 687 1353 enim
720 1321 840 1353 nebula
873 1324 944 1353 orta
976 1322 1014 1352 de
1047 1321 1143 1352 terris
1177 1322 1288 1353 obesse
1321 1322 1442 1352 nostris

165 1374 347 1405 obtutibus:
378 1374 460 1405 unde
489 1374 612 1415 aquila,
644 1374 719 1415 quia
748 1386 844 1415 supra
872 1374 1023 1405 nebulam
1055 1376 1118 1415 est,
1148 1375 1221 1414 plus
1252 1374 1347 1405 videt.
1394 1377 1443 1406 est

166 1427 263 1459 etiam
292 1427 478 1468 theologica
505 1428 603 1467 ratio,
635 1428 709 1468 quia
738 1428 924 1469 ignorantes
949 1439 1042 1458 usum
1066 1427 1242 1459 Venerium
1266 1428 1372 1459 videre
1398 1428 1443 1459 di-

166 1482 280 1512 cuntur
300 1482 332 1511 et
349 1481 494 1511 numina:
518 1480 600 1511 imde
619 1492 703 1512 nunc
722 1481 838 1512 merito
861 1484 935 1522 post
950 1481 1085 1512 Veneris
1105 1481 1291 1512 abscessum
1310 1482 1444 1512 numina
1463 1486 1496 1509 25

165 1533 284 1565 vidisse
317 1533 433 1565 dicitur
464 1533 599 1565 Aeneas.
691 1543 854 1566 ossnvc'rA
888 1535 1089 1576 superducta.
1171 1543 1315 1587 ὂνΕΝΤΙ
1348 1535 1442 1566 modo

166 1586 175 1600 ³
182 1586 330 1627 videnti',
354 1586 435 1617 alias
461 1586 469 1598 ‘
476 1586 658 1618 defendenti
665 1586 683 1618 ³.

254 1640 326 1671 606.
364 1648 483 1677 NEQVA
507 1649 678 1672 PARENTIS
703 1649 800 1672 ivssA
824 1650 908 1672 TIME
933 1651 992 1681 pro
1017 1639 1093 1672 ‘ne'.
1130 1643 1159 1671 et
1186 1640 1257 1671 ‘ne’
1282 1641 1444 1681 particula

237 1711 269 1734 11
289 1706 376 1743 ἀμφὶ]
397 1709 427 1734 Ι1.
443 1709 467 1735 V
483 1712 533 1735 451
548 1711 557 1742 ΙΙ
574 1713 605 1736 18
626 1710 659 1736 de
674 1710 807 1744 Homero]
828 1710 858 1737 Il.
874 1710 899 1736 V
916 1713 1029 1743 127sqq.
1045 1711 1054 1743 ΙΙ
1070 1713 1102 1735 22
1119 1709 1220 1736 dicitur
1235 1710 1308 1736 enim
1381 1710 1443 1744 plus

165 1743 255 1778 videt]
272 1751 356 1770 exser.
372 1745 509 1778 mythogr.
522 1745 594 1778 1116,
607 1749 640 1771 24
655 1747 664 1780 fl
679 1749 710 1771 *23
727 1747 769 1772 est
784 1745 868 1771 etiam
884 1766 889 1770 .
903 1767 907 1772 .
921 1766 926 1771 .
941 1745 1061 1779 Aeneas]
1078 1746 1364 1780 exscr.mythogr.111
1377 1749 1417 1778 11,
1427 1749 1442 1772 5

239 1809 251 1831 1
272 1805 415 1840 aegiptum
431 1806 454 1832 C'
465 1807 474 1839 ΙΙ
489 1809 504 1832 2
519 1806 602 1841 forte]
617 1808 710 1834 forsan
728 1807 874 1840 Scioppius
889 1808 1007 1833 enotavit
1021 1809 1030 1840 ΙΙ
1044 1811 1059 1833 3
1075 1807 1193 1841 protheo
1210 1807 1231 1833 C
1243 1808 1252 1841 ΙΙ
1266 1807 1383 1841 protheo
1400 1807 1423 1833 C
1435 1807 1444 1844 Η

169 1844 183 1866 5
199 1841 227 1867 et
242 1841 388 1874 Scioppius
403 1843 534 1868 enotavit:
552 1843 583 1868 ut
600 1842 622 1868 G
633 1844 642 1876 ΙΙ
657 1847 672 1869 6
693 1851 720 1868 se
736 1851 768 1868 erc
784 1843 831 1868 sed
848 1843 870 1869 C
882 1844 891 1876 n
907 1846 920 1868 7
940 1842 1046 1876 paridis
1063 1843 1085 1869 G
1096 1844 1105 1876 ΙΙ
1120 1846 1134 1868 9
1155 1843 1250 1869 datam
1267 1843 1296 1874 Ο,
1316 1844 1422 1869 correxi
1436 1846 1444 1877 Ἀ

166 1884 250 1909 quam
272 1897 276 1902 .
293 1898 297 1902 .
315 1897 320 1902 .
341 1877 488 1910 pertulisse
507 1885 556 1903 om.
573 1877 719 1911 Scioppius
732 1880 741 1911 ll
762 1882 793 1904 10
814 1878 943 1912 apposita
962 1881 1028 1905 enot.
1046 1879 1191 1911 Scioppius
1205 1879 1214 1912 ΙΙ
1237 1882 1267 1904 11
1289 1885 1360 1911 amq-r
1368 1888 1444 1904 mnu

167 1921 265 1937 xorpoc
285 1921 331 1937 nu
351 1921 407 1938 AIOI
427 1920 514 1938 Aexa01
536 1913 569 1945 G,
593 1921 642 1939 om.
663 1913 816 1946 Scioppius.
851 1922 925 1947 quem
946 1914 1054 1940 Iliados
1078 1922 1181 1939 versum
1201 1914 1355 1940 scholiastes
1373 1914 1444 1946 falso

165 1946 325 1979 Neptunum
337 1955 389 1980 pro
404 1947 534 1980 Apolline
549 1956 698 1974 memorans
713 1949 862 1980 laudasset,
881 1949 950 1975 riclz't
965 1949 1000 1976 F.
1012 1949 1161 1975 Sclzoellius
1175 1951 1183 1982 ΙΙ
1200 1952 1230 1975 12
1247 1949 1443 1975 diriuationem

167 1982 290 2007 CPLH
301 1983 310 2015 ss
324 1990 341 2008 a
356 1990 404 2008 om.
418 1982 461 2015 011
477 1985 509 2008 14
526 1983 563 2009 ad
576 1992 599 2008 zu
616 1986 667 2010 602
688 1983 834 2018 Culpatus]
856 1984 1019 2010 criminosus
1034 1993 1105 2010 reus.
1121 1985 1154 2010 P.
1169 1986 1178 2018 ΙΙ
1193 1995 1226 2011 vi:
1241 1994 1315 2010 nius
1335 1993 1383 2010 om.
1402 1984 1444 2010 C>1

166 2026 278 2043 mvn-Am
294 2017 318 2043 0
333 2018 342 2050 ΙΙ
367 2021 398 2043 15
418 2017 540 2044 inuidiae
561 2018 707 2052 Scioppius
726 2022 792 2045 enot.
812 2021 820 2052 ΙΙ
840 2020 1048 2053 consprratione
1065 2020 1088 2046 C
1103 2021 1113 2053 ΙΙ
1138 2023 1169 2045 16
1190 2019 1326 2053 subverti]
1347 2020 1377 2045 in
1396 2020 1444 2045 lzoc

165 2053 243 2079 verbo
258 2053 358 2079 desinit
376 2052 526 2079 Oassellani
539 2055 682 2086 quaternio
699 2054 776 2081 XII.
792 2056 801 2087 Η
818 2057 848 2080 18
869 2055 905 2080 ad
919 2063 943 2080 v.
959 2058 1009 2081 604
1029 2055 1157 2088 Namque
1173 2055 1295 2089 omnem]
1316 2055 1382 2081 ordo
1403 2056 1444 2080 est

190 2108 217 2114 ..
244 2090 272 2114 et
295 2088 429 2114 mortales
452 2088 567 2114 hebetat
590 2089 702 2122 (abitat)
726 2089 801 2116 uisus
824 2090 922 2116 tuenti.
957 2090 1096 2124 Obducta]
1121 2091 1296 2124 superducta.
1329 2090 1442 2124 Tuenti]

166 2123 248 2149 modo
267 2123 386 2155 uidenti,
407 2123 477 2149 alias
496 2123 664 2159 defendenti.
679 2125 725 2158 Pu
741 2128 772 2151 19
792 2124 932 2159 Diomedi]
953 2122 1040 2159 ἀχλὺν
1056 2123 1083 2151 δ’
1101 2121 1138 2151 αὖ
1153 2136 1194 2152 τοι
1210 2123 1261 2151 ἀπ’
1283 2123 1443 2159 ὀφθαλμῶν

167 2157 242 2192 ἕλον,
262 2156 278 2192 ἣ
299 2158 364 2190 πρὶν
385 2156 484 2192 ἐπῆεν,
504 2157 572 2191 ὄφρ’
594 2160 626 2185 εὐ
646 2158 799 2194 γιγνώσκῃς
820 2157 890 2193 ἠμὲν
909 2158 981 2186 θεὸν
997 2158 1046 2194 ἠδὲ
1063 2161 1110 2186 καὶ
1125 2159 1216 2193 ἄνδρα
1236 2161 1277 2193 (Il.
1292 2161 1316 2186 V
1335 2163 1384 2186 127
1394 2162 1443 2194 sq.)

167 2194 230 2220 add.
250 2194 279 2219 D
297 2195 306 2227 11
326 2197 357 2220 21
378 2194 495 2220 habetat
514 2195 546 2219 H
562 2196 570 2228 ΙΙ
590 2198 622 2220 23
643 2195 787 2228 optutibus
808 2196 843 2220 M
857 2196 866 2228 ΙΙ
885 2198 919 2221 24
939 2195 1024 2221 etiam
1042 2196 1109 2221 GE:
1129 2197 1201 2222 enim
1222 2197 1325 2222 LHM
1337 2197 1346 2229 ΙΙ
1364 2196 1443 2221 theo-

166 2229 241 2255 loica
259 2229 292 2255 H
303 2230 312 2262 ΙΙ
326 2232 359 2255 25
379 2231 408 2255 et
427 2238 475 2255 om.
492 2230 515 2255 L
535 2230 608 2262 (add.
625 2231 644 2262 l)
658 2232 667 2263 ll
681 2230 753 2256 uude
773 2231 892 2256 abeunte
912 2239 1013 2257 uenere
1032 2231 1146 2258 numina.
1165 2232 1237 2258 uidit
1253 2240 1352 2258 aeneas
1368 2231 1404 2256 M
1409 2239 1421 2256 e
1436 2232 1444 2264 μ’

167 2267 201 2290 27
221 2264 329 2291 uiuenti
343 2265 394 2297 ΕΙΙ
409 2267 442 2291 28
462 2266 498 2291 acl
512 2273 534 2290 r.
552 2268 602 2291 606
622 2265 721 2298 Nequa
739 2265 862 2299 parentis
881 2266 957 2292 iussa
975 2266 1055 2301 time]
1075 2275 1125 2301 pro
1147 2267 1214 2294 ‘ne'.
1246 2268 1274 2293 et
1292 2267 1361 2292 haec
1381 2273 1442 2299 par-

166 2299 254 2326 ticula
272 2299 438 2334 imperatiuo
458 2300 582 2334 iungitur
597 2301 692 2334 modo,
712 2301 759 2327 sed
773 2301 912 2327 interdum
931 2302 1072 2335 praesenti
1090 2302 1222 2336 tempori,
1242 2302 1382 2328 interdum
1401 2300 1442 2326 fu-

167 2335 229 2361 turo
249 2335 375 2369 (future),
394 2337 477 2369 prout
495 2343 604 2362 necesse
623 2336 716 2363 fuerit.
738 2336 766 2362 P
786 2337 796 2369 11
818 2345 851 2363 ne
871 2337 1022 2372 particula]
1042 2337 1111 2364 haec
1131 2338 1268 2372 particula
1288 2337 1323 2363 C·g

1176 2381 1230 2407 20*
