1690 2611
505 111 619 138 COMM.
639 112 678 138 IN
697 111 806 138 VERG.
827 112 909 138 AEN.
930 113 948 138 I.
970 115 1082 139 58—65.
1392 114 1432 144 37

242 194 292 225 62.
331 202 492 225 FOEDERE
518 194 612 225 modo
637 193 722 235 lege,
747 193 827 224 alias
851 205 943 235 pace,
968 205 1049 235 quae
1068 194 1106 226 fit
1125 196 1209 227 inter
1233 196 1433 228 dimicantes.

156 247 268 278 foedus
293 249 400 278 autem
426 247 547 278 dictum
571 247 622 278 vel
647 258 665 278 a
688 241 868 288 ffitiahbus,
897 247 929 278 id
954 250 1002 279 est
1027 249 1247 280 sacerdotibus
1272 261 1329 290 per
1353 261 1432 291 quos

152 300 234 332 fiunt
262 300 406 341 foedera,
435 300 486 331 vel
512 311 530 331 a
552 310 652 341 porca
675 299 781 341 foede,
810 300 871 331 hoc
895 302 945 331 est
968 301 1128 341 lapidibus
1154 302 1274 343 occisa,
1304 304 1339 334 ut
1363 303 1432 344 ipse

152 355 189 385 et
213 364 325 385 caesa
349 353 562 394 iungebant
586 353 742 384 foedera
765 364 892 394 porca.

241 407 291 438 63.
328 416 372 438 ET
396 415 558 438 PREMERE
582 416 624 438 ET
649 415 762 438 LAXAS
787 415 910 438 SOIRET
931 416 1023 438 DARE
1044 416 1160 439 Ivssvs
1180 417 1337 441 HABENAS
1361 421 1431 450 per·
1452 419 1466 441 5

152 460 273 492 mansit
292 460 325 491 in
340 460 567 498 translatione,
587 462 621 491 ut
635 460 772 491 vinclis
791 462 823 491 ct
841 471 984 491 carcere
1001 461 1136 499 frenat.
1175 461 1304 493 ‘iussus'
1325 465 1432 494 autem

151 514 191 545 ob
226 514 287 545 hoc
319 513 442 555 posuit,
476 513 550 554 quia
581 524 639 544 suo
668 513 750 544 nihil
780 513 860 544 facit
888 513 1030 554 imperio.
1082 525 1156 545 nam
1186 513 1265 545 tolle
1295 515 1368 554 hoc,
1401 519 1433 548 et

151 567 253 598 maior
283 569 332 598 051
361 566 509 598 omnibus
543 566 618 606 diis,
652 566 679 597 si
711 566 751 597 ad
780 566 847 598 eius
876 567 1075 598 voluntatem
1111 570 1247 607 possunt
1276 569 1433 601 elementa

151 620 314 651 confundi:
344 620 380 650 nt
406 619 476 660 ipse
500 619 621 651 Aeolus
646 619 740 663 mihi
770 620 876 651 iussa
905 631 1108 661 capessere
1137 620 1194 652 fas
1224 623 1289 652 est.
1337 622 1431 654 simul

150 675 319 705 ventorum
348 673 528 704 ostenditur
557 673 620 714 vis,
655 673 770 714 quibus
799 685 914 714 parum
943 674 1049 705 fuerat
1077 676 1221 706 montem
1251 676 1432 717 superponi,
1453 685 1485 707 1«)

149 727 213 758 nisi
247 728 279 758 et
311 736 420 767 regem
454 726 650 768 acciperent,
684 727 739 768 quj
772 727 841 768 ipse
875 738 1000 768 quoque
1034 727 1140 759 alieno
1173 730 1302 768 pareret
1334 729 1431 770 impe-

150 780 207 811 rio.
294 793 332 811 ET
344 792 480 811 PREMERE
493 792 513 811 E
535 793 558 811 L.
573 792 594 811 5.
611 793 636 812 1),
652 793 668 811 ι.
685 781 723 819 zz]
750 779 918 821 *alioquin
936 781 1056 812 Iunoni
1075 780 1195 822 obseqz'ci
1216 792 1278 813 non
1297 781 1432 822 posset*

149 833 206 864 alie
235 831 369 864 ‘iussus'
398 833 443 863 ita
472 833 660 874 intellefflmt,
694 826 756 864 noh
784 844 852 865 cum
881 835 1032 866 iuberetur
1061 845 1130 866 eum
1156 834 1212 866 hoc
1237 835 1350 876 facere,
1381 837 1434 867 sed

139 880 195 918 ila
218 887 451 927 administrare,
475 889 510 917 ut
532 887 625 917 etiam
649 887 748 918 iussus
767 890 845 926 erat,
870 888 1034 919 secundum
1053 888 1235 920 desiderium
1255 891 1430 929 temporum.

238 940 289 971 64.
326 949 373 970 ΑΙ)
398 939 482 980 apud
507 950 614 980 quem,
638 941 674 970 ut
699 951 804 980 supra.
1454 952 1483 974 15

238 993 288 1025 65.
325 1001 439 1024 AEOLE
472 992 669 1023 rhetoricum
699 994 748 1023 est
777 993 810 1023 in
839 994 927 1025 omni
955 994 1114 1035 petitione
1142 995 1221 1027 haec
1251 996 1431 1037 observare,

130 1049 186 1078 rut
210 1046 315 1087 possit
338 1048 503 1086 praestare
529 1045 582 1086 qui
606 1045 741 1086 petitur,
770 1048 806 1077 ut
831 1046 874 1077 sit
897 1047 1112 1089 possibilitas,
1145 1051 1179 1080 ut
1204 1049 1247 1080 sit
1270 1061 1320 1081 res
1344 1050 1431 1081 iusta

149 1111 228 1141 quae
258 1099 393 1140 petitur,
422 1101 457 1129 ut
486 1098 607 1129 habeat
635 1099 764 1130 modum
792 1100 925 1140 petitio,
959 1102 994 1131 ut
1023 1103 1177 1142 sequatur
1204 1103 1430 1135 remuneratio.

148 1156 180 1184 et
204 1152 368 1184 sciendum
393 1153 443 1183 est
466 1151 638 1183 secundum
670 1151 754 1183 hunc
778 1153 922 1184 ordinem
947 1165 1056 1185 omnes
1086 1155 1260 1195 petitiones
1289 1156 1430 1188 formare

146 1206 344 1247 Vergilium,
368 1207 403 1236 ut
426 1205 457 1235 in
482 1204 544 1235 hoc
568 1204 638 1236 1000
663 1205 867 1246 possibilitas
892 1208 941 1237 051
966 1206 1014 1238 ‘et
1038 1208 1177 1239 mulcere
1202 1208 1289 1240 dedit
1314 1209 1429 1241 fluctus
1450 1219 1482 1242 20

148 1261 179 1290 et
202 1259 318 1290 tollere
338 1257 456 1290 vento’.
500 1258 585 1289 iusta
608 1259 724 1299 petitio
745 1261 794 1290 est
820 1259 914 1301 ‘gens
935 1260 1066 1292 inimica
1089 1261 1199 1303 mihi'3
1225 1273 1318 1293 omne
1343 1263 1429 1294 enim

147 1312 231 1354 quod
255 1313 367 1343 contra
390 1307 537 1343 inimicos
563 1312 704 1352 petimus
728 1312 849 1344 iustum
874 1315 932 1344 est.
979 1314 1092 1345 modus
1116 1315 1282 1355 petitionis
1305 1318 1354 1348 est
1379 1317 1429 1348 ‘et

147 1366 260 1397 dissice
291 1376 427 1406 corpora
455 1364 581 1406 ponto'.
628 1367 846 1398 remuneratio
878 1366 969 1398 ‘sunt
997 1368 1077 1399 mihi
1105 1368 1156 1399 bis
1186 1371 1309 1409 septem
1337 1381 1427 1410 prae-

147 1419 249 1450 stanti
273 1429 297 1449 c.
321 1417 363 1449 n.'
455 1427 568 1449 AEOLE
598 1427 725 1450 Ich'rn
755 1429 815 1450 vnn
845 1429 972 1452 11011115
1002 1421 1078 1452 ordo
1110 1422 1179 1462 ipse
1209 1424 1267 1453 est.
1318 1425 1350 1454 et
1379 1426 1427 1454 est

149 1472 250 1513 figura
273 1471 486 1513 parenthesis.
523 1472 606 1502 inter
630 1472 838 1513 parenthesin
863 1476 895 1504 et
920 1474 1050 1514 ellipsin
1075 1475 1136 1506 1100
1160 1475 1313 1517 interest,
1343 1478 1424 1517 quod
1446 1486 1478 1508 ‘25

94 1552 99 1555 .
148 1525 348 1566 parenthesis
379 1527 428 1555 est
457 1525 605 1566 quotiens
634 1528 759 1556 remota
790 1526 828 1557 de
856 1526 959 1558 medio
985 1529 1147 1559 sententia
1171 1529 1297 1570 integer
1321 1541 1425 1561 sermo

145 1578 313 1619 perdurat3
351 1578 480 1618 plenum
517 1589 655 1619 namque
689 1583 738 1610 est
772 1579 889 1611 ‘Aeole
924 1581 1029 1612 incute
1063 1582 1128 1613 vim
1162 1583 1292 1614 ventis’.
1348 1584 1425 1615 item

218 1679 229 1700 1
251 1674 320 1700 alias
338 1682 407 1708 pace
429 1695 434 1701 .
454 1696 460 1701 ,
481 1695 486 1700 .
507 1674 619 1700 foedera
637 1675 732 1709 porca]
758 1684 842 1702 exscr.
864 1677 926 1703 Isid.
949 1685 986 1704 or.
1007 1678 1097 1704 XVIII
1119 1681 1141 1711 1,
1163 1682 1193 1704 11
1216 1679 1225 1711 Ι]
1248 1682 1264 1705 4
1284 1680 1312 1705 et
1331 1681 1423 1715 caesa]

146 1710 178 1737 A.
198 1710 262 1736 VIII
283 1713 329 1736 641
347 1711 386 1743 116
405 1710 514 1744 vinclis]
536 1711 566 1736 A.
588 1710 598 1735 I
620 1713 652 1736 54
667 1711 675 1743 ΙΙ
691 1713 705 1736 9
726 1711 806 1745 1111111]
828 1712 848 1736 Α
880 1713 890 1737 1
912 1716 943 1738 77

217 1801 228 1823 1
250 1799 287 1824 ad
301 1802 369 1825 1162
390 1799 524 1833 Foedere]
546 1799 627 1825 modo
648 1800 709 1833 lege
726 1821 730 1826 .
748 1822 753 1826 .
771 1821 775 1825 .
793 1800 954 1827 foecialibus
974 1802 1022 1835 qui
1039 1802 1106 1828 olim
1121 1802 1243 1829 foedales
1259 1804 1423 1831 dicebantur

147 1833 175 1859 id
195 1834 237 1859 est
251 1834 420 1868 sacerdotes,
440 1843 488 1867 per
507 1842 575 1867 quos
595 1856 600 1861 .
617 1855 622 1860 .
639 1855 644 1860 .
665 1843 756 1868 porca.
771 1835 797 1860 P
810 1836 818 1869 Η
833 1837 927 1871 1110010]
948 1836 976 1863 id
996 1839 1039 1864 est
1053 1838 1084 1863 K
1096 1839 1105 1871 fl
1119 1847 1191 1872 quae
1206 1839 1246 1872 fit]
1267 1839 1359 1872 querit
1372 1841 1402 1866 K

428 1884 448 1897 (21

144 1907 159 1929 2
180 1903 337 1930 fectialibus
356 1904 382 1929 B
411 1904 520 1930 fialibus
539 1905 571 1929 K
597 1905 741 1931 fecialibus
761 1907 860 1940 reliqui
873 1908 882 1940 ΙΙ
903 1907 1065 1934 foecialibus
1085 1909 1132 1942 qui
1152 1909 1219 1935 olim
1238 1910 1363 1937 foedales
1383 1911 1421 1937 di-

143 1940 277 1965 cebantur
295 1939 324 1964 id
343 1940 386 1965 est
404 1939 560 1965 sacerdotes
580 1949 629 1973 per
649 1949 717 1973 quos
739 1941 775 1967 C*
789 1942 798 1975 ΙΙ
818 1945 831 1968 7
852 1942 888 1968 ab
907 1943 959 1969 hoc
982 1943 1016 1968 M
1029 1944 1038 1977 Η
1057 1946 1072 1969 8
1093 1944 1135 1970 dis
1154 1945 1227 1971 KM
1244 1946 1253 1979 ΙΙ
1274 1949 1303 1971 11
1326 1948 1353 1972 et
1372 1955 1421 1974 om.

142 1975 168 2000 L
186 1975 195 2007 ΙΙ
214 1974 337 2008 imperio.
376 1974 425 2000 alii
448 1974 537 2001 iussus
561 1975 602 2001 ita
625 1975 799 2010 intellegunt.
839 1986 893 2003 non
913 1986 975 2004 cum
1000 1978 1142 2005 iuberetur
1160 1981 1226 2006 tunc
1246 1982 1298 2007 hoc
1317 1981 1422 2008 faceret

143 2009 267 2043 alioquin
290 2009 386 2035 iunoni
410 2009 525 2043 obsequi
549 2018 603 2036 non
626 2012 733 2044 posset,
762 2013 809 2038 sed
835 2013 875 2039 ita
900 2013 1093 2041 administrare
1114 2036 1119 2041 .
1140 2036 1146 2042 .
1168 2037 1173 2042 .
1197 2017 1354 2050 temporum
1375 2017 1397 2043 G

144 2048 174 2071 13
196 2054 259 2071 eum
278 2045 331 2082 hoc
346 2045 437 2071 facere
451 2046 549 2078 scripsi
563 2046 571 2079 ΙΙ
588 2049 619 2071 15
635 2047 671 2072 ad
685 2055 709 2072 v.
725 2050 758 2073 64
780 2048 832 2082 Ad]
854 2049 927 2082 apud
943 2058 1024 2082 quern
1043 2051 1069 2075 P
1081 2052 1090 2084 ss
1105 2059 1154 2084 pro
1170 2052 1244 2085 apud
1262 2052 1397 2078 BLME

143 2084 175 2106 16
196 2081 232 2106 acl
247 2083 279 2107 65
300 2080 401 2106 Diuum
421 2082 500 2113 pater
519 2081 602 2114 atque
622 2081 764 2108 hominum
784 2084 844 2117 rex]
866 2084 990 2117 Iuppiter
1009 2106 1014 2110 .
1037 2106 1041 2111 .
1063 2108 1067 2112 .
1089 2087 1119 2112 ut
1137 2088 1216 2120 pater
1236 2089 1350 2114 Aeneas
1373 2089 1400 2113 Ι)

142 2115 311 2142 rethoricum
334 2115 407 2142 enim
427 2117 470 2141 est
490 2116 525 2141 M
557 2116 724 2142 rethoricum
749 2119 791 2143 est
815 2119 887 2144 enini
908 2120 937 2144 E
963 2121 972 2153 11
1003 2124 1032 2146 17
1057 2122 1193 2154 praestari
1219 2123 1291 2156 qnod
1316 2123 1420 2157 petitur

143 2152 297 2184 Stephanus
316 2154 339 2177 et
360 2151 508 2177 lv'abricius
531 2152 539 2184 11
569 2154 600 2178 18
620 2152 735 2186 petitur]
761 2154 792 2178 ut
815 2154 852 2180 sit
875 2154 981 2187 petitio·
998 2155 1071 2182 iusta
1093 2166 1144 2183 nec
1170 2158 1233 2191 plus
1257 2159 1305 2184 aut
1329 2159 1419 2184 111111115

142 2195 224 2220 quam
245 2187 346 2213 debeat
365 2189 444 2220 petat
463 2187 524 2212 add.
542 2187 564 2212 C
581 2186 610 2212 id
625 2188 667 2212 est
686 2188 748 2213 acm.
766 2188 847 2221 ME,
866 2191 981 2221 sortasse
1000 2194 1067 2217 recte
1085 2192 1094 2225 ΙΙ
1116 2195 1149 2218 20
1165 2202 1229 2219 nam
1248 2193 1419 2226 possibilitas

145 2222 228 2247 MEZ
242 2223 250 2255 ΙΙ
265 2225 296 2248 21
317 2223 416 2248 uentos
435 2222 486 2255 Efl
505 2221 607 2247 imniea
626 2223 668 2248 est
686 2222 755 2248 mihi
774 2223 805 2248 K
821 2224 830 2256 [l
851 2227 885 2250 24
904 2225 962 2258 ipse
982 2234 1031 2252 om.
1050 2227 1123 2253 BM
1141 2229 1214 2261 (add.
1234 2231 1270 2261 m)
1290 2230 1299 2262 ΙΙ
1318 2230 1345 2254 et
1365 2229 1417 2263 051]

142 2257 244 2283 dieitur
269 2258 362 2283 autem
381 2258 413 2282 K
434 2260 457 2283 et
475 2258 589 2289 fortasse
608 2257 646 2288 L,
673 2258 701 2283 et
725 2259 768 2283 est
791 2262 858 2285 certe
883 2260 912 2286 in
935 2269 989 2286 ras.
1013 2270 1105 2288 novem
1128 2264 1183 2295 fere
1207 2265 1359 2290 litterarum
1383 2265 1392 2289 l
1411 2286 1412 2294 ,

143 2295 176 2318 ‘25
200 2292 392 2327 parenthesin]
417 2301 501 2326 quam
520 2293 551 2317 K
576 2293 584 2325 Π
611 2292 717 2326 illipsin
741 2293 773 2318 K
799 2294 913 2329 eclipsin
933 2296 994 2321 LE
1020 2297 1120 2331 elipsin
1141 2299 1178 2324 M
1203 2300 1212 2333 ΙΙ
1240 2300 1268 2324 et
1291 2299 1343 2325 hoc
1362 2299 1394 2324 K
1410 2288 1418 2323 :3

144 2330 176 2353 27
196 2327 334 2361 perdurat.
369 2328 408 2354 sic
428 2337 444 2354 a
463 2328 568 2354 Graeco
589 2328 663 2354 dicta
683 2328 757 2362 quod
775 2328 969 2364 interponatur
987 2331 1015 2358 id
1036 2334 1078 2360 est
1097 2335 1297 2367 παρεντίθεται,
1321 2334 1346 2360 l)
