1690 2611
236 136 297 162 LVI
767 134 982 161 PRAEFATIO.

233 217 368 249 Daniele
394 217 620 248 Aurelianensi
650 217 771 258 scripta
800 229 829 259 p.
857 218 896 248 16
926 217 997 248 adn.
1027 216 1069 247 (35
1098 217 1208 248 habes.
1251 217 1388 259 exempli
1418 228 1516 250 causa

232 271 420 312 appendicis
447 271 623 311 scripturas
649 271 774 312 aliquot
798 270 883 302 infra
908 270 1036 312 scripsi,
1061 281 1141 311 quas
1160 270 1406 312 typothetarum
1431 283 1515 304 erro-

232 325 321 355 ribus
347 326 517 365 corruptas
541 335 609 355 esse
634 324 705 356 ideo
730 324 899 365 probabile
933 325 982 355 est
1011 323 1096 365 quod
1124 323 1243 355 Daniel
1271 324 1304 356 111
1332 324 1514 357 Fabriciani

233 378 426 419 exemplaris
456 378 601 419 margine
630 389 740 409 veram
770 377 889 408 codicis
914 377 1104 409 memoriam
1129 377 1302 419 expressit:
1332 390 1362 420 p.
1391 379 1447 420 27,
1474 379 1512 410 18

231 434 258 462 et
283 431 354 462 benc
378 441 476 472 reycm
499 432 647 463 invidiose
666 431 787 462 habent
808 429 832 461 C
854 432 884 461 et
904 429 938 463 F.
963 442 988 462 e.
1012 442 1067 472 m.,
1091 431 1217 462 omittit
1240 442 1326 473 app.;
1350 443 1380 473 p.
1400 432 1451 473 29,
1473 433 1510 463 11

232 485 266 516 fn
291 487 412 516 tantum
437 484 462 516 C
486 487 518 516 et
550 484 583 516 F.
609 496 633 516 e.
659 496 699 515 1n.
729 486 850 515 tantum
879 496 965 526 app-3
989 496 1020 526 p.
1044 485 1099 526 30,
1127 484 1167 515 15
1195 484 1286 516 multi
1310 483 1334 516 O
1364 486 1397 516 et
1424 485 1458 516 F.
1488 497 1514 517 e.

231 549 272 569 m.
296 538 377 570 nulli
406 549 479 580 app.
504 550 534 580 p.
559 539 615 579 30,
642 538 680 569 19
709 537 820 569 habent
848 537 872 569 C
897 540 930 569 et
953 537 986 569 F.
1015 549 1040 569 e.
1066 550 1106 570 m.
1133 537 1265 569 habeant
1292 549 1378 580 app.;
1407 550 1437 580 p.
1461 539 1512 580 31,

230 592 270 622 21
295 591 393 631 forem
419 590 443 622 C
468 593 500 622 et
528 590 561 622 F.
587 602 612 622 e.
638 602 678 622 m.
706 591 788 630 fores
818 602 904 632 app.;
928 603 958 633 p.
983 591 1039 633 32,
1072 593 1108 623 11
1139 592 1192 623 sed
1220 591 1293 623 hab.
1323 590 1347 623 C
1373 593 1405 622 et
1428 591 1462 624 F.
1487 603 1512 623 e.

230 657 285 686 m.‚
310 657 372 677 om.
396 656 480 686 app.;
505 656 533 685 p.
562 645 638 685 161,
665 645 703 675 16
730 647 875 676 terrorem
900 643 924 676 O
950 647 981 676 et
1005 645 1040 677 F.
1063 656 1088 676 e.
1113 657 1154 676 m.
1180 646 1318 676 timorem
1342 656 1413 687 app.

319 698 434 729 Restat
462 700 498 728 ut
527 709 776 729 commemorem
801 709 864 739 qua
897 709 930 729 re
963 697 1174 730 Schubartius
1208 698 1364 730 adductus
1398 699 1442 730 sit
1475 700 1511 730 ut

231 751 454 783 Cassellanum
486 763 504 782 a
532 750 677 782 Danielis
707 750 858 783 Fuldensi
893 752 1054 783 diversum
1088 763 1156 784 esse
1191 752 1342 784 crederet.
1385 751 1509 784 Cassel-

228 805 323 837 lanae
348 805 564 836 bibliothecae
590 804 689 846 igitur
714 805 841 836 codices
866 806 920 847 qui
945 805 1023 836 olim
1048 805 1218 837 Fuldensis
1243 807 1418 838 conventus
1442 806 1510 837 fue-

228 861 304 890 runt
329 861 361 890 et
387 858 549 889 similibus
574 858 771 899 tegumentis
797 859 914 890 muniti
939 860 1014 890 sunt
1043 861 1075 890 et
1099 859 1131 890 in
1158 859 1314 891 exteriore
1339 861 1507 901 tegumen-

227 915 335 944 torum
360 913 453 953 parte
479 913 681 952 segmentum
702 912 943 944 membraneum
958 912 1093 952 habent,
1118 913 1150 943 in
1167 923 1229 954 quo
1244 913 1376 954 antiqua
1395 924 1508 944 manus

228 968 260 996 et
295 965 416 996 ordinis
451 970 483 996 et
515 965 633 996 codicis
662 976 834 996 numerum
866 966 1006 1007 scripsit.
1049 966 1164 997 horum
1198 965 1352 997 librorum
1387 967 1511 998 numeri

228 1019 331 1050 eidem
357 1021 432 1050 sunt
457 1019 512 1060 qui
538 1019 570 1050 in
597 1019 747 1061 catalogo
772 1018 943 1050 Fuldensis
968 1019 1185 1051 bibliothecae
1210 1030 1294 1050 anno
1322 1020 1404 1051 1561
1426 1031 1511 1052 com-

228 1072 336 1113 posito
362 1074 393 1103 et
418 1084 436 1103 a
460 1071 596 1103 Nicolao
623 1072 817 1114 Kindlinger
842 1083 926 1103 anno
956 1072 1039 1104 1812
1069 1072 1155 1104 edito
1184 1073 1399 1104 inveniuntur.
1437 1072 1508 1105 Ser-

227 1126 297 1156 vius
323 1124 530 1157 Cassellanus
556 1128 664 1157 autem
693 1136 795 1166 neque
824 1125 910 1156 idem
940 1125 1025 1167 quod
1055 1126 1152 1157 ceteri
1182 1125 1357 1158 Fuldenses
1387 1126 1509 1158 involu-

227 1190 317 1210 crum
342 1190 446 1220 neque
473 1181 676 1221 segmentum
702 1178 781 1210 illud
806 1178 918 1210 habet:
948 1179 1021 1210 inde
1046 1179 1137 1220 sequi
1168 1180 1293 1211 videtur
1318 1178 1509 1212 Schubartio

226 1244 402 1273 numquam
428 1244 500 1264 eum
525 1232 692 1264 Fuldensis
718 1232 849 1273 collegii
878 1232 985 1264 fuisse.
1029 1234 1063 1264 at
1091 1244 1129 1264 ex
1158 1233 1203 1264 eis
1233 1244 1313 1275 quae
1338 1245 1435 1275 supra
1459 1245 1509 1266 ex-

228 1286 321 1327 posui
337 1286 539 1328 intellegitur
554 1287 643 1318 illam
659 1297 726 1318 rem
748 1286 793 1318 sic
810 1286 1033 1328 explicandam
1049 1298 1117 1318 esse
1123 1312 1132 1329 7
1154 1289 1191 1318 ut
1207 1287 1346 1319 codicem
1362 1289 1507 1319 nostrum

227 1351 264 1371 ex
280 1339 305 1371 F
309 1340 433 1372 uldensi
454 1340 651 1372 bibliotheca
676 1341 839 1372 sublatum
864 1342 896 1371 et
920 1351 991 1372 cum
1017 1341 1283 1382 quaternionibus
1309 1352 1406 1382 supra.
1425 1352 1508 1372 com-

225 1394 414 1425 memoratis
448 1394 581 1425 orbatus
616 1396 702 1425 esset
735 1405 818 1425 novo
854 1396 1043 1436 tegumento
1077 1395 1232 1426 vestitum
1258 1405 1327 1426 esse
1357 1394 1509 1427 dicamus.

227 1446 351 1478 accedit
376 1447 461 1488 quod
486 1448 519 1478 in
544 1448 695 1489 catalogo
721 1448 776 1479 illo
802 1447 900 1479 codex
926 1448 1057 1489 quidam
1083 1448 1263 1490 descriptus
1289 1450 1351 1490 est,
1375 1448 1429 1490 qui
1452 1459 1508 1490 po-

226 1502 292 1531 test
315 1502 400 1532 certe
426 1500 633 1532 Cassellanus
659 1512 734 1532 esse.
779 1502 898 1533 etenim
923 1502 1008 1533 inter
1041 1502 1142 1533 libros
1172 1502 1211 1533 ad
1234 1501 1415 1543 Vergilium
1439 1513 1509 1544 per-

229 1554 370 1585 tinentes
396 1556 668 1586 commemoratur
698 1554 792 1596 ‘Rep.
818 1555 836 1585 9
868 1555 932 1586 ord.
958 1556 977 1586 3
1007 1555 1064 1587 Nr.
1089 1556 1110 1587 4
1135 1555 1252 1587 Glossa
1277 1567 1373 1598 super
1397 1556 1426 1587 6.
1453 1556 1506 1587 lib.

227 1606 388 1639 Aeneidos
413 1608 463 1640 32.
489 1619 532 1640 or.
559 1608 662 1640 Servii
688 1609 788 1650 gloss.
813 1619 883 1640 esse
912 1608 1026 1640 video'.
1069 1609 1122 1651 qui
1147 1609 1246 1641 codex
1271 1609 1298 1641 si
1323 1608 1426 1642 Servii
1450 1621 1506 1642 no-

225 1672 298 1692 men
315 1661 494 1703 habuisset,
508 1663 588 1694 haec
604 1662 745 1694 dedisset
769 1662 803 1693 111
824 1662 920 1694 fallor
935 1663 1076 1704 catalogi
1093 1663 1232 1704 scriptor
1256 1662 1376 1695 ‘Servii
1396 1663 1507 1705 glossa

225 1725 322 1755 super
347 1715 375 1745 6.
400 1715 454 1746 lib.
480 1715 672 1747 Aeneidos':
703 1716 757 1757 qui
787 1727 858 1747 cum
885 1716 1007 1747 addidit
1032 1716 1151 1747 ‘Servii
1176 1716 1274 1758 gloss.
1303 1727 1372 1748 esse
1397 1716 1505 1749 video’

226 1768 428 1809 significasse
453 1768 579 1800 videtur
604 1780 669 1801 non
693 1769 838 1811 potuisse
862 1769 968 1811 primo
994 1769 1109 1801 obtutu
1134 1770 1284 1812 cognosci
1309 1771 1397 1802 cuius
1422 1782 1504 1802 com-

225 1822 407 1853 mentarius
442 1822 549 1853 codice
584 1823 812 1854 contineretur.
860 1823 950 1864 atqui
983 1823 1016 1854 in
1050 1822 1239 1856 Cassellano
1274 1823 1375 1856 Servii
1403 1835 1506 1866 neque

227 1886 346 1906 nomen
377 1887 513 1917 usquam
544 1876 704 1908 invenitur
729 1879 760 1908 et
788 1877 884 1917 primi
910 1878 1006 1918 atque
1031 1877 1161 1909 secundi
1186 1878 1260 1909 libri
1285 1879 1507 1910 commentarii

227 1929 365 1960 aliorum
391 1930 581 1961 commentis
607 1930 653 1961 ita
678 1930 815 1961 involuti
840 1932 928 1972 sunt,
958 1932 993 1962 ut
1021 1941 1086 1962 non
1110 1931 1239 1973 possint
1262 1932 1366 1973 primo
1391 1932 1506 1964 obtutu

227 1982 386 2024 dignosci,
411 1983 511 2014 veluti
536 1983 608 2025 ipsa
629 1984 728 2015 verba
753 1996 771 2015 a
795 1984 911 2026 quibus
941 1984 1058 2026 incipit
1087 1985 1185 2017 codex
1214 1996 1233 2016 a
1262 1985 1370 2018 Servio
1399 1986 1505 2018 aliena

227 2038 311 2068 sunt.
355 2037 469 2078 quodsi
496 2036 720 2069 Cassellanum
742 2038 801 2069 hoc
826 2038 968 2079 catalogi
997 2038 1067 2070 loco
1097 2039 1294 2081 descriptum
1322 2051 1390 2071 esse
1419 2042 1505 2072 recte

226 2089 357 2127 conieci,
384 2090 440 2121 illa
456 2102 536 2132 quac
562 2093 637 2122 sunt
661 2090 773 2132 ‘super
793 2092 821 2123 6,
845 2091 899 2123 lib.
920 2091 1097 2124 Aeneidos'
1122 2092 1183 2124 hoc
1207 2092 1302 2124 modo
1328 2093 1506 2135 supplenda

225 2154 295 2175 esse
321 2145 468 2184 apparet:
508 2155 604 2185 super
629 2155 681 2176 sex
707 2144 800 2176 libris
822 2145 990 2177 Aeneidos.
1028 2147 1169 2177 ceterum
1188 2148 1254 2178 tres
1275 2148 1402 2187 praeter
1421 2146 1504 2179 hunc

225 2196 256 2227 in
283 2196 386 2228 indice
412 2197 466 2228 illo
491 2198 650 2229 nominati
676 2200 752 2230 sunt
776 2198 900 2230 codices
926 2199 979 2240 qui
1000 2200 1142 2240 glossam
1163 2200 1182 2231 i.
1198 2211 1222 2231 e.
1238 2200 1503 2232 commentarium

226 2250 257 2282 in
284 2249 460 2282 Aeneidem
486 2251 700 2283 continerent:
725 2252 802 2293 nep.
831 2253 870 2285 10
895 2253 960 2284 ord.
986 2254 1005 2284 2
1030 2253 1085 2285 Nr.
1111 2254 1144 2294 5,
1172 2253 1224 2294 14,
1249 2254 1300 2285 34.

312 2302 351 2335 In
381 2304 427 2335 eis
457 2304 600 2345 priorum
634 2305 792 2337 librorum
821 2306 970 2347 partibus
1000 2318 1080 2348 quae
1113 2307 1145 2338 in
1174 2306 1363 2339 Cassellano
1393 2309 1505 2339 extant

225 2356 410 2398 appendicis
426 2357 613 2389 testimonia
629 2369 692 2389 non
711 2359 819 2390 onmia
835 2361 1096 2392 commemoravi:
1112 2361 1202 2393 1101111
1227 2361 1310 2392 enim
1327 2361 1504 2393 temerariis
