1690 2611
179 717 211 741 10

179 985 210 1007 15

176 1252 210 1274 20

231 145 273 175 —lS
811 146 931 173 SERVH

320 226 371 258 95.
405 234 484 263 QVIS
517 228 548 258 et
577 227 648 268 quis
679 229 710 259 et
738 228 854 269 quibus
886 228 1062 268 significat:
1093 228 1267 260 secundum
1297 231 1400 261 artem
1429 230 1516 262 enim

231 280 277 310 sic
301 279 447 310 dicimus.
494 280 534 311 ab
567 291 613 319 eo·
629 281 715 312 enim
739 281 823 322 quod
849 283 898 312 est
922 280 957 312 ‘a
982 280 1053 322 qui'
1084 282 1117 312 in
1147 281 1239 313 ‘bus'
1268 283 1384 324 mittit,
1413 284 1454 315 ab
1479 294 1515 315 eo

231 333 317 374 quod
343 335 391 364 est
415 332 446 364 ‘a
465 333 540 374 quo'
561 334 595 365 in
615 334 666 365 ‘is'
687 335 803 374 mittit,
829 334 884 365 sed
904 345 923 364 a
944 334 1040 365 tertia
1065 335 1279 366 declinatione
1302 335 1336 367 in
1355 347 1416 368 usu
1440 338 1515 368 sunt

231 386 359 418 dativus
385 389 417 418 et
441 387 604 419 ablativus
628 389 783 429 plurales,
808 388 883 418 licet
907 387 1031 429 antiqui
1051 388 1200 420 omnibus
1221 389 1271 419 usi
1292 389 1358 420 sint
1378 390 1515 421 casibus.

231 439 367 481 denique
392 439 473 472 Cato
503 441 538 472 in
570 442 750 483 originibus
782 441 829 472 ait
860 441 892 472 si
924 452 1015 482 ques
1047 443 1136 472 sunt
1166 442 1310 482 populi.
1356 445 1389 474 et
1421 443 1516 474 decli-

230 494 322 525 navit
338 493 427 535 tques
442 494 575 535 quium',
589 497 626 526 ut
642 494 781 536 ‘puppes
802 494 985 535 puppium’.
1076 503 1253 527 MOENIBVS
1269 504 1369 527 ALTIS
1386 498 1517 537 propter

231 547 402 589 Pergama,
434 558 516 588 quae
548 548 708 579 altissima
738 548 882 588 fuerunt,
913 559 951 579 ex
982 548 1097 590 quibus
1131 549 1240 580 omnia
1271 549 1338 580 alta
1370 549 1516 581 aedificia

231 611 387 642 pergama
411 603 582 642 vocantur,
607 601 691 632 sicut
715 601 895 642 Aeschylus
921 601 1006 633 dicit.

320 655 372 686 96.
407 663 586 686 OPPETERE
608 666 662 686 ore
682 657 803 685 terram
823 656 946 695 petere,
970 655 1001 686 id
1023 657 1071 686 est
1091 656 1183 686 mori.
1216 667 1388 696 possumus
1409 658 1516 688 autem

232 707 276 738 sic
301 707 349 738 uti
373 707 434 739 hoc
463 719 623 749 sermone,
651 710 687 738 ut
717 710 749 738 et
777 718 834 748 per
863 719 896 738 se
925 708 1039 748 plenus
1070 709 1112 739 sit
1141 711 1173 740 et
1201 709 1337 750 recipiat
1366 710 1516 742 adiectio-

229 771 312 791 nem.
359 771 435 803 ergo
461 761 596 793 dicimus
621 764 654 792 et
678 761 805 802 oppetit
830 763 861 792 et
885 764 1023 792 mortem
1048 763 1187 803 oppetit,
1213 763 1297 793 sicut
1316 765 1349 794 et
1369 763 1512 804 exspirat

231 814 262 844 et
287 814 429 846 enimam
459 815 610 856 exspirat.
702 823 911 846 FORTISSIME
942 824 1069 846 GEN'rls
1100 816 1190 857 atqui
1219 816 1253 846 in
1282 816 1407 848 artibus
1436 817 1515 859 legi-

230 879 301 898 mus
327 868 561 909 superlativum
586 869 722 910 gradum
746 879 811 899 non
836 868 900 899 nisi
925 869 1073 909 genetivo
1099 869 1218 909 plurali
1241 869 1339 911 iungi.
1387 873 1514 902 constat

230 921 372 962 quidem,
407 922 461 952 sed
495 922 503 935 ²

231 975 365 1015 plurale.
401 975 480 1006 bene
506 985 582 1016 ergo
608 976 727 1015 iunxit,
752 976 785 1006 in
810 977 905 1016 gente
930 975 1015 1006 enim
1040 975 1148 1016 plures
1173 978 1259 1015 sunt,
1285 978 1320 1006 ut
1344 977 1422 1007 alibi
1446 977 1515 1018 ipse

230 1028 451 1059 ditissimus
481 1029 566 1070 agri
595 1028 840 1067 Phoenicum3
874 1039 938 1059 non
967 1029 1052 1059 enim
1082 1040 1164 1060 unus
1194 1031 1244 1060 est
1273 1039 1350 1071 ager
1378 1029 1514 1061 Phoeni-

230 1092 309 1112 cum.
344 1081 422 1112 item
448 1080 620 1113 Sallustius
646 1082 806 1113 Romani
831 1082 984 1123 generis
1011 1082 1306 1114 disertissimus.
1335 1086 1391 1114 aut
1413 1093 1515 1123 super-

230 1135 322 1166 lativo
353 1146 413 1175 pro
444 1135 649 1176 cowtparatiuo
679 1145 754 1166 usus
783 1135 915 1173 videtur,
950 1136 1041 1175 quasi
1069 1136 1251 1174 fortissimis
1281 1138 1515 1178 comparandus,

228 1199 290 1220 non
318 1191 353 1219 ut
379 1189 468 1229 vulgo
497 1189 630 1219 ereditur
651 1188 882 1228 praeferemlus.
935 1199 1012 1220 sane
1037 1189 1216 1230 quaeritur,
1245 1200 1301 1221 cur
1324 1190 1514 1221 Diomedem

230 1242 446 1274 fortissimum
471 1241 601 1282 dixerit,
630 1252 701 1272 cum
726 1236 801 1282 post
826 1241 987 1272 Achillem
1018 1244 1050 1272 et
1073 1241 1206 1273 Aiacem
1231 1242 1300 1282 ipse
1325 1244 1369 1274 sit
1392 1243 1514 1283 tertius,

229 1295 311 1327 unde
348 1298 380 1326 et
411 1294 586 1326 Sallustius
620 1295 667 1326 ait
703 1295 864 1335 primum
897 1295 1131 1326 Graecorum
1162 1295 1366 1327 Achillem.
1420 1297 1514 1328 multi

225 1349 339 1380 >dicunt
368 1348 438 1379 ideo
468 1348 698 1389 fortissimum,
729 1348 804 1389 quia
833 1349 922 1380 iuxta
950 1348 1129 1380 Homerum
1159 1351 1191 1380 et
1214 1348 1376 1380 Venerem
1404 1350 1514 1381 vulne-

229 1403 313 1434 ravit
331 1394 369 1433 'et
394 1402 541 1433 Martem.
579 1402 635 1433 alii
660 1402 699 1433 ad
724 1404 854 1443 gentem
880 1402 1037 1443 referunt,
1062 1402 1146 1443 quod
1172 1402 1313 1434 Achilles
1338 1403 1514 1435 Thessalus

229 1456 299 1494 fuit,
318 1456 402 1487 Aiax
421 1455 572 1497 Graecus,
591 1455 764 1486 Diomedes
781 1455 921 1487 Danaus.
960 1455 1055 1486 multi
1077 1455 1117 1486 ad
1134 1456 1371 1487 excusationem
1387 1457 1514 1489 Aeneae

512 921 608 963 gens’
642 932 760 953 nomen
794 924 843 953 est
877 922 1096 953 enuntiatione
1133 922 1311 963 singulare,
1347 923 1515 955 intellectu

175 1522 182 1530 ⁴
229 1510 342 1541 volunt
369 1510 584 1542 fortissimum
614 1510 749 1551 dictum,
775 1521 794 1540 a
826 1521 887 1551 quo
913 1521 986 1540 eum
1011 1511 1139 1540 constat
1164 1520 1233 1540 esse
1257 1521 1458 1552 percussum,
1481 1513 1516 1542 ut

229 1563 388 1595 Iuvenalis
411 1564 464 1595 vel
492 1574 559 1603 quo
586 1563 745 1604 Tydides
766 1563 954 1602 percussit
976 1563 1140 1603 pondere
1163 1573 1289 1594 coxam
1312 1563 1465 1595 Aeneae.

304 1656 315 1678 1
338 1653 366 1678 et
385 1651 446 1685 quis
466 1660 488 1677 e.
510 1661 534 1685 q.
556 1651 589 1685 s.]
612 1650 727 1685 [Sergii]
753 1651 862 1684 explan.
882 1650 911 1676 in
931 1650 999 1676 Don.
1019 1659 1045 1684 p.
1067 1653 1128 1682 502,
1151 1654 1181 1676 10
1200 1650 1233 1677 Κ.
1253 1650 1287 1678 cf.
1308 1651 1376 1677 Don.
1397 1651 1432 1677 ad
1452 1651 1512 1678 Ter.

229 1688 340 1721 adelph.
362 1688 385 1713 ll
403 1692 426 1720 3,
444 1690 455 1712 1
477 1688 486 1721 {1
508 1691 523 1712 5
544 1687 571 1713 in
592 1686 757 1721 originibus]
778 1686 826 1712 rel.
843 1686 854 1711 1
877 1689 886 1711 1
911 1686 939 1711 et
957 1694 1000 1719 ap.
1022 1686 1092 1712 Iord.
1114 1687 1143 1712 et
1161 1694 1204 1719 ap.
1225 1686 1283 1712 Pet.
1304 1687 1312 1720 ΙΙ
1335 1690 1366 1712 12
1387 1687 1464 1720 atqui
1484 1687 1513 1713 in

229 1723 335 1750 artibus
350 1732 372 1749 e.
389 1732 414 1756 q.
431 1723 465 1757 8.]
488 1723 562 1749 Serv.
584 1731 682 1749 comm.
703 1722 731 1747 in
751 1723 820 1748 Don.
840 1731 867 1755 p.
888 1725 948 1754 407,
969 1725 1001 1747 *29
1022 1723 1051 1747 et
1069 1725 1130 1754 431,
1150 1724 1183 1747 22
1204 1721 1236 1747 K.
1261 1723 1269 1755 ΙΙ
1296 1725 1326 1748 16
1346 1722 1511 1757 ditissimus]

231 1760 261 1785 A.
283 1759 293 1784 1
314 1762 364 1785 343
393 1759 402 1791 ΙΙ
433 1762 462 1784 17
485 1758 646 1792 Sallustius]
671 1757 734 1784 hist.
755 1757 855 1791 fragm.
876 1758 886 1783 1
907 1760 921 1782 2
943 1757 1026 1783 Kritz.
1050 1758 1059 1791 ΙΙ
1088 1760 1118 1782 21
1142 1756 1302 1792 Sallustius]
1328 1757 1392 1786 hist.
1413 1758 1512 1792 fragm.

232 1795 266 1821 111
288 1798 320 1821 32
341 1794 426 1820 Kritz.
448 1795 457 1827 ΙΙ
479 1797 511 1820 26
533 1793 685 1827 Iuvenalis]
706 1794 756 1820 sat.
778 1793 828 1819 XV
849 1796 881 1819 66

303 1878 315 1900 1
336 1875 373 1900 cul
391 1883 414 1900 v.
432 1876 464 1900 95
486 1873 563 1908 Quis]
585 1875 677 1900 autem
699 1874 728 1900 et
746 1873 846 1906 quibus
866 1882 949 1899 unum
970 1872 1141 1906 significant,
1162 1873 1312 1899 secundum
1330 1873 1418 1899 artem
1439 1873 1512 1899 enim

230 1910 269 1936 sic
289 1909 414 1936 dicimus.
455 1910 490 1935 ab
511 1918 543 1935 eo
563 1909 637 1942 quod
657 1910 700 1935 est
718 1918 734 1935 a
753 1917 808 1942 quo
828 1908 856 1934 in
876 1908 899 1934 is
918 1907 1021 1940 mittit,
1047 1908 1094 1934 sed
1115 1916 1131 1933 a
1150 1908 1234 1934 tertia
1253 1908 1440 1935 declinatione
1461 1930 1465 1935 .
1483 1930 1488 1936 ,
1506 1931 1510 1936 .

230 1945 373 1979 puppium.
397 1945 424 1970 P
445 1947 454 1979 ΙΙ
478 1955 538 1974 QVIS
558 1966 564 1971 .
582 1966 586 1970 .
605 1966 609 1971 .
630 1944 747 1970 dicimus
771 1944 844 1976 KL,
868 1945 925 1970 m'si
948 1944 1019 1977 quod
1042 1943 1139 1969 nificat
1162 1944 1267 1970 litterae
1290 1947 1458 1970 evanuerunt
1482 1946 1512 1970 in

233 1982 271 2013 Κ,
292 1981 431 2014 sig-nificat
450 1984 474 2007 et
493 1981 566 2006 enim
587 1981 672 2006 deleta
690 1983 755 2005 smzt
779 1981 809 2006 in
828 1980 869 2005 L:
894 1979 954 2012 quis
979 1981 1007 2005 et
1030 1979 1130 2012 quibus
1154 1979 1305 2005 secundum
1330 1981 1418 2006 artem
1438 1980 1511 2005 enim

230 2017 268 2043 sic
288 2017 406 2042 dicimus
426 2017 452 2042 R
483 2026 542 2045 qvis
563 2016 625 2049 quis
646 2018 674 2042 et
694 2015 794 2049 quibus
814 2024 898 2041 unum
919 2015 1078 2048 significant
1097 2015 1247 2041 secundum
1271 2016 1359 2041 artem
1379 2015 1452 2041 enim
1473 2015 1512 2041 sic

230 2052 347 2078 dicimus
370 2053 410 2077 (1*
439 2062 499 2081 qvis
526 2052 588 2085 quis
609 2054 637 2078 et
655 2052 755 2085 quibus
776 2051 925 2077 secundum
950 2053 1040 2076 artem
1066 2050 1104 2076 sic
1124 2050 1241 2076 dicimus
1263 2051 1333 2076 ME
1355 2052 1363 2083 ΙΙ
1387 2053 1401 2076 3
1422 2050 1449 2076 111
1469 2050 1512 2076 1118

232 2088 259 2113 Κ
272 2089 281 2121 u
301 2091 315 2113 5
335 2088 375 2114 ait
396 2109 400 2113 .
466 2089 494 2114 ct
513 2096 562 2114 0111.
582 2088 608 2113 R
631 2088 640 2121 ΙΙ
664 2087 687 2113 81
711 2087 790 2120 ques]
811 2086 861 2119 siq;
883 2086 911 2111 J(
929 2087 938 2119 Ιὶ
957 2090 971 2111 6
992 2094 1080 2120 pupes
1099 2086 1215 2120 pupium
1234 2087 1297 2112 ΒΚ
1314 2087 1323 2119 11
1344 2089 1357 2112 7
1377 2094 1512 2119 pergama

230 2123 257 2149 id
277 2125 320 2149 est
343 2132 435 2149 muros
456 2124 480 2148 Ιί
499 2124 508 2155 ΙΙ
530 2124 640 2149 fucrant
659 2123 683 2148 L
701 2124 710 2156 l]
729 2122 888 2148 aedificatis.
908 2122 937 2147 l<
954 2123 962 2155 ΙΙ
982 2126 996 2147 8
1022 2122 1130 2155 escylus
1150 2122 1176 2147 B
1201 2122 1321 2148 eschilus
1340 2121 1365 2146 L
1393 2121 1511 2147 aescilus

232 2159 266 2185 M
280 2160 288 2192 ΙΙ
303 2162 317 2183 9
339 2160 375 2184 w!
396 2168 417 2185 1⁷.
433 2162 466 2184 913
487 2160 625 2191 oppetere
659 2167 705 2184 ore
724 2159 827 2184 terram
848 2158 955 2191 petere,
976 2157 1003 2183 id
1024 2159 1066 2183 est
1085 2157 1162 2184 mori.
1195 2157 1240 2183 uel
1260 2156 1370 2190 oppetit
1388 2157 1511 2189 exspirat

230 2196 269 2228 (et
292 2194 389 2228 spirat)
418 2195 460 2220 uel
491 2194 638 2220 occumbi.
682 2193 843 2220 Fortissime
867 2193 971 2227 gentis]
997 2193 1184 2226 superlatiuus
1208 2191 1430 2226 (superlatiuum)
1455 2201 1509 2218 non

230 2230 281 2256 nisi
301 2229 425 2264 genitiuo
446 2230 546 2263 plurali
568 2229 699 2262 iungitur.
738 2229 785 2255 sed
807 2237 875 2262 gens
896 2229 1086 2254 enuntiatione
1111 2227 1264 2262 singulare,
1283 2227 1428 2253 intellectu
1450 2228 1509 2261 plu-

229 2266 300 2298 rale,
320 2266 352 2291 ut
375 2265 442 2290 alibi
468 2265 526 2298 ipse
547 2287 551 2291 .
570 2285 574 2290 .
592 2286 596 2290 .
620 2265 797 2291 Phoenicum.
835 2264 978 2298 quaeritur
1001 2273 1048 2290 cnr
1073 2263 1224 2290 Diomeden
1245 2283 1250 2288 .
1267 2283 1272 2289 .
1290 2284 1294 2289 .
1315 2263 1422 2289 tertius.
1461 2263 1508 2289 alii

229 2301 302 2334 quod
325 2302 353 2327 et
373 2301 506 2327 Venerem
528 2322 532 2326 .
550 2322 554 2326 .
573 2321 577 2326 .
599 2302 629 2326 ut
649 2300 788 2326 quenalis
807 2300 884 2326 dicit.
909 2300 955 2333 1ἸΙ
972 2303 1001 2325 11
1018 2300 1107 2326 morte
1128 2299 1162 2324 M
1176 2299 1185 2331 ΙΙ
1202 2301 1232 2324 13
1252 2298 1369 2332 gradum
1390 2298 1508 2324 nominis

232 2338 255 2362 Ιί
273 2338 282 2370 ΙΙ
304 2340 335 2363 15
354 2336 460 2370 plures]
481 2336 602 2370 plurales
625 2336 652 2361 Ι(
670 2338 678 2369 ΙΙ
700 2339 729 2362 17
750 2336 831 2369 item]
852 2337 883 2361 ut
898 2336 923 2360 R
944 2335 982 2361 sic
1000 2335 1049 2360 Ml
1066 2336 1075 2368 11
1090 2338 1119 2360 ‘2¹
1143 2333 1264 2360 achillen
1283 2334 1353 2359 ΒΜ
1373 2334 1382 2367 ΙΙ
1402 2336 1434 2359 22
1455 2334 1510 2360 for-

229 2373 352 2398 tissimus
373 2372 399 2397 li·
419 2373 429 2405 ss
447 2375 480 2398 25
500 2380 660 2405 percussum
685 2371 790 2396 lx'Lll:
810 2371 971 2404 superatum
990 2371 1058 2396 BM
1067 2369 1151 2396 0¹*1’l
