1690 2611
510 110 621 138 COMM.
641 112 681 138 IN
699 112 806 140 VERG.
826 114 909 141 AEN.
930 116 962 143 11.
983 120 1131 146 633—642.
1393 122 1456 153 313

178 189 206 218 ct
227 188 292 219 eius
311 192 416 228 partes
439 191 484 221 ita
501 195 676 233 ponuntur,
704 196 740 225 ut
761 195 820 233 †si
842 196 896 235 qui
918 197 1106 236 dissuadent,
1135 210 1177 231 au¹
1201 203 1454 241 superviveudum

171 241 305 280 patriae.
351 244 431 282 quod
452 244 518 275 idco
542 248 643 285 aperte
664 256 727 278 nou
750 247 841 288 dixit,
866 259 903 280 ue
925 252 1033 281 ceteros
1056 262 1076 281 a
1098 252 1173 292 fuya
1197 253 1353 285 dehortari
1375 257 1455 288 visle-

175 296 272 335 νεύων,
295 296 348 327 sed
369 297 417 328 ait
440 296 501 329 ‘vos
518 298 627 338 fuyite,
651 300 705 338 qui
720 301 878 339 potestis':
901 312 922 333 a
941 305 1071 342 tempore
1095 304 1183 337 esatis
1201 317 1266 338 una
1286 309 1454 350 superque’,

174 347 212 378 ab
236 348 342 380 invitis
365 350 426 381 diis
451 349 525 382 ‘iam
542 352 665 391 pridem
687 353 807 385 invisus
829 355 891 386 diis
909 358 936 386 et
959 356 1081 388 inutilis
1099 368 1198 390 anuos
1216 361 1373 394 demoror&
1411 364 1455 395 sic

174 401 294 440 quidem
316 404 345 432 ct
366 403 446 434 illud
468 404 631 444 eolltffitur,
656 415 697 436 au
721 407 827 439 debilis
844 409 971 448 patriae
993 420 1139 449 superare
1161 413 1270 444 debeat.
1472 424 1487 448 5

263 454 335 486 639.
373 464 528 487 INTEGER
547 466 630 489 AEVI
651 467 797 492 SANGVIS
822 461 950 501 plenam
976 464 1116 494 aetatem
1137 465 1300 506 significat
1320 479 1356 499 ex
1381 480 1453 501 san-

174 507 283 547 guine,
314 508 368 549 qui
396 519 460 540 non
489 511 538 541 est
565 511 692 552 integer
721 513 784 544 nisi
808 514 842 545 in
865 514 1044 547 iuvenibus.
1091 528 1165 549 nam
1190 519 1301 551 dicunt
1324 521 1452 562 physici

174 560 275 592 minui
299 562 490 602 sanguinem
514 574 570 604 per
599 566 754 597 aetatem:
782 567 865 598 unde
891 570 923 599 et
946 569 977 599 in
1004 570 1133 602 senibus
1158 573 1281 604 tremor
1305 575 1362 605 est.

171 623 246 645 saue
266 614 394 646 ‘aevum’
417 615 466 647 lae
488 617 531 647 ad
552 627 650 649 aomos
669 619 780 658 referre
798 621 948 660 debenms,
972 633 1040 654 cum
1059 624 1136 655 alibi
1155 627 1271 665 tempus
1293 627 1450 669 siquifieet,

170 669 206 697 ut
227 678 382 707 aevoque
404 670 578 708 sequenti.
620 673 648 701 et
666 671 735 711 <ΙΠ
750 673 836 713 415>
858 677 1000 706 tautum
1023 678 1104 708 aevi
1128 678 1331 720 louqiuqua
1354 682 1451 713 valet
1471 691 1503 713 10

170 722 313 752 mutare
340 724 508 754 vetustas.
600 732 664 756 SVO
693 734 832 758 ROBORE
863 728 931 759 sine
960 729 1093 761 alterius
1123 732 1257 774 auxilio,
1289 745 1350 774 quo
1375 737 1449 775 eget

169 772 337 805 Anchises.
383 777 411 806 et
432 776 510 807 duas
532 787 580 808 res
603 778 695 809 decit:
719 782 747 810 ct
769 780 889 812 iuvenes
912 783 996 823 estis,
1019 786 1047 814 et
1069 785 1153 826 sani,
1177 797 1307 826 quorum
1329 790 1449 819 utrum-

168 836 225 865 que
246 827 324 858 milti
346 829 432 859 deest.
522 842 615 862 srmvr
630 835 774 871 perstant
794 834 966 875 solidaeque
988 840 1069 868 suut.

257 880 329 912 640.
366 894 493 914 Aolmw
514 884 675 924 disponite,
699 887 830 926 coyitate.
874 888 1042 922 Sallustius
1066 893 1233 924 traditur
1255 894 1382 935 fuyam
1406 897 1447 927 in

167 935 293 965 occani
317 935 520 976 Zonqiuqua
543 938 753 977 aqitavissc.
1468 957 1500 980 15

256 987 329 1018 641.
368 997 585 1021 CAELICOLAE
620 991 659 1022 ad
691 1003 769 1033 quos
800 996 913 1025 nostra
945 997 1086 1036 pertinet
1119 999 1201 1039 vita,
1234 1002 1271 1031 ut
1302 1001 1337 1041 <I
1362 1002 1447 1042 387>

166 1039 265 1070 haud
303 1041 417 1073 credo
456 1043 605 1075 invisus
645 1046 881 1078 caelestibus
920 1060 1032 1081 auras
1070 1051 1215 1083 vitales
1254 1055 1381 1096 carpis
1415 1058 1448 1087 et

166 1092 231 1131 <XI
260 1093 323 1133 51>
355 1105 422 1125 nos
456 1095 630 1128 iuvenem
668 1099 883 1131 exanimum
926 1103 962 1132 et
1003 1103 1059 1134 nil
1096 1105 1170 1136 iam
1209 1108 1445 1140 caelestibus

164 1145 257 1176 ullis
282 1146 483 1179 debentem
508 1152 540 1180 et
563 1150 631 1190 <VI
657 1153 740 1193 730>
765 1154 902 1194 igneus
933 1158 991 1187 est
1019 1157 1103 1188 illis
1129 1159 1239 1200 vigor
1264 1163 1300 1192 et
1325 1163 1445 1194 caele-

165 1199 237 1230 stis
262 1200 381 1241 origo.
416 1202 522 1234 anima
542 1205 626 1236 enim
647 1206 727 1237 caeli
747 1218 820 1247 pars
841 1210 902 1249 est,
926 1220 1034 1249 corpus
1053 1214 1206 1254 nostrum,
1230 1214 1345 1246 umbra
1364 1216 1443 1247 infe-
1464 1224 1497 1247 ⁵20

163 1262 280 1284 rorum.
326 1253 398 1285 ideo
424 1266 501 1297 ergo
530 1268 595 1288 non
624 1259 733 1299 posuit
762 1262 914 1301 generale
942 1274 1060 1294 nomen
1089 1264 1233 1308 deorum,
1263 1269 1294 1298 et
1323 1268 1445 1300 addidit

163 1306 368 1349 caelestibus,
396 1319 436 1340 ne
465 1310 670 1343 crederentur
698 1313 816 1345 inferni
841 1315 900 1355 (111,
930 1317 984 1357 qui
1009 1317 1135 1349 datores
1160 1319 1246 1351 vitae
1270 1332 1335 1352 non
1360 1325 1443 1354 sunt.

251 1360 324 1391 642.
362 1369 458 1392 SATIS
483 1371 664 1402 SVPERQVE
695 1366 734 1398 ad
765 1371 974 1409 augmentum
999 1370 1190 1413 ‘superque’
1215 1373 1346 1406 addidit.
1394 1378 1442 1407 est

162 1414 269 1443 autem
302 1414 422 1445 tmesis.
473 1426 548 1447 sane
578 1418 742 1450 sciendum
776 1423 824 1452 est
857 1433 925 1453 esse
959 1423 1083 1465 aliqua,
1118 1436 1198 1466 quae
1232 1431 1441 1469 augmentum

161 1476 225 1496 non
253 1467 427 1508 recipiunt,
456 1479 496 1500 ne
524 1470 629 1502 minus
659 1472 854 1514 significent,
882 1478 918 1506 ut
944 1476 1095 1518 [‘satis'‚]
1129 1478 1335 1519 ‘pei-fectus':
1363 1493 1439 1514 nam
1460 1491 1493 1514 25

161 1519 338 1560 quaeritur,
363 1511 471 1552 utrum
492 1522 688 1563 ‘perfectior’
712 1527 817 1566 possit
835 1527 954 1570 facere,
978 1541 1018 1561 ne
1042 1531 1177 1573 incipiat
1202 1532 1333 1574 [‘satis']
1361 1534 1439 1576 eper-

162 1571 276 1603 fectus’
302 1573 407 1605 minus
433 1575 625 1616 significare.

231 1654 245 1676 7
266 1651 313 1684 qui
332 1660 387 1678 non
407 1655 449 1679 est
467 1653 576 1688 integer
595 1677 600 1681 .
617 1676 622 1681 .
640 1678 645 1682 .
665 1657 769 1683 tremor
788 1659 840 1693 est]
861 1668 946 1687 exscr.
968 1662 1030 1688 Isid.
1051 1663 1118 1697 orig.
1140 1664 1185 1696 XI,
1207 1668 1230 1697 1,
1251 1669 1299 1691 123
1315 1667 1324 1700 ΙΙ
1339 1670 1353 1692 9
1374 1676 1435 1694 cum

158 1685 226 1712 alibi
254 1687 363 1720 tempus
394 1688 542 1724 significet]
572 1691 605 1716 cf.
631 1692 694 1717 Isid.
721 1693 777 1719 diff.
803 1695 877 1721 verb.
899 1700 930 1722 67
955 1697 963 1730 ΙΙ
994 1701 1024 1723 10
1049 1700 1185 1734 aevoque]
1210 1700 1271 1728 buo.
1291 1701 1356 1728 VIII
1376 1706 1408 1729 27
1429 1704 1437 1737 *l

159 1724 192 1747 14
212 1721 371 1757 Sallustius]
392 1724 456 1751 hist.
475 1725 574 1759 fragm.
594 1727 641 1752 lib.
662 1728 673 1753 Ι
694 1731 725 1754 61
742 1729 788 1756 Kr.
808 1731 817 1763 ΙΙ
839 1734 872 1756 24
893 1740 959 1758 sane
979 1733 1120 1759 sciendum
1141 1756 1146 1761 .
1163 1757 1168 1761 .
1186 1757 1190 1762 .
1213 1735 1380 1773 significare]
1401 1739 1435 1765 cf.

159 1756 234 1783 Serv.
255 1757 290 1783 ad
309 1758 375 1784 Aen.
396 1759 434 1785 XI
454 1763 505 1786 124

230 1830 243 1853 1
264 1829 379 1860 sortasse
397 1831 428 1856 ut
447 1831 470 1856 si
491 1832 551 1865 quis
571 1833 732 1861 dissuadeat
754 1837 763 1869 ΙΙ
787 1840 801 1862 3
817 1840 880 1870 post
899 1839 1015 1871 potestis
1035 1848 1092 1867 ‘nou
1110 1842 1189 1868 nulla
1208 1843 1377 1872 intercidisse
1395 1847 1434 1873 vi-

156 1863 268 1895 dentur,
294 1865 376 1890 veluti
400 1866 464 1892 haec
487 1875 539 1901 ego
563 1868 658 1902 fugere
682 1879 737 1896 non
761 1872 848 1898 debeo
872 1882 923 1899 nec
947 1883 1066 1907 possum.
1105 1877 1138 1909 ef.
1159 1877 1288 1905 Donatus
1307 1881 1434 1908 adhunc

156 1907 267 1925 versum.
287 1900 412 1926 dissentit
430 1901 465 1928 F.
479 1902 628 1930 Schoellz'as
643 1907 777 1933 coniciens
796 1908 854 1939 (lin.
872 1910 896 1941 1)
916 1910 948 1935 ut
963 1909 1074 1944 oblique
1094 1912 1255 1940 dissuadeat
1269 1923 1324 1941 non
1339 1926 1433 1950 super-

157 1934 307 1965 vivendum
326 1936 399 1968 patri
419 1938 528 1964 Aeneae
543 1939 552 1971 ΙΙ
572 1942 587 1964 4
607 1940 642 1966 ab
660 1941 756 1968 invitis
777 1943 946 1970 Illasvicius:
965 1954 1000 1971 an
1020 1946 1115 1973 inuitis
1132 1948 1154 1974 G
1166 1949 1174 1982 Η
1189 1950 1288 1984 anuos]
1310 1951 1370 1978 orbi
1386 1953 1409 1979 Ο
1425 1954 1433 1987 fl

157 1973 171 1995 6
191 1970 228 1996 ad
246 1978 269 1996 v.
292 1974 342 1997 639
363 1972 472 2005 Integer
496 1974 558 2000 aeui
582 1976 706 2010 sanguis]
733 1978 845 2010 plenam
865 1981 987 2007 aetatem
1007 1981 1148 2015 significat
1167 1993 1199 2010 ex
1218 1987 1364 2020 sanguine,
1385 1989 1432 2021 qui

156 2005 230 2037 (que)
240 2014 302 2045 'non
324 2008 366 2032 est
384 2006 506 2041 integer,
526 2009 580 2035 nisi
599 2010 628 2036 in
647 2011 800 2051 iuuenibus.
822 2014 848 2039 P
863 2016 872 2048 ΙΙ
897 2018 910 2041 7
930 2016 959 2042 111
978 2025 1026 2042 om..
1049 2018 1101 2044 Me
1124 2020 1133 2052 ΙΙ
1158 2023 1187 2045 11
1210 2022 1321 2056 nononis]
1342 2023 1370 2048 id
1390 2025 1432 2049 est

152 2048 274 2110 Ξίιῖρέῗῃ
281 2042 388 2111 Ἑζῖἰῗ
393 2043 541 2111 Εζι-ἴξῖεῗ
543 2048 580 2105 ‘22³
584 2047 1065 2119 {gpirgtfflv‘ssffesssssssstiussffiffiassfi'
1073 2053 1137 2115 sfflt
1146 2058 1229 2123 ¹505?
1232 2056 1290 2125 (ἐξ
1296 2058 1431 2120 1911ἓὲἕῖῃῖ

152 2119 250 2137 manus
265 2120 331 2138 saec.
345 2113 423 2140 XII.
436 2115 531 2146 posuit
545 2118 569 2141 et
583 2116 613 2141 iu
627 2125 712 2151 marga.
727 2119 792 2145 haec
806 2121 953 2154 adscripsit
967 2122 1039 2149 inter
1054 2123 1104 2150 has
1119 2125 1220 2158 figuras
1235 2127 1263 2153 in
1278 2128 1341 2155 aliis
1357 2130 1430 2155 serui

152 2145 231 2172 libris
251 2148 384 2181 scriptum
404 2158 459 2175 non
473 2149 617 2177 inuentum
633 2154 679 2178 est.
696 2154 705 2186 ΙΙ
719 2154 757 2188 et]
774 2156 806 2180 ut
822 2156 875 2182 Me
888 2157 897 2190 ss
917 2160 948 2183 18
964 2166 1012 2184 uos
1028 2158 1061 2184 H
1071 2160 1080 2192 Η
1096 2163 1127 2186 19
1143 2160 1199 2187 illis
1214 2162 1248 2188 H
1258 2164 1267 2196 ΙΙ
1282 2163 1428 2190 debentem

152 2181 217 2207 ullis
232 2182 261 2207 E
273 2183 283 2216 ΙΙ
297 2186 330 2210 20
347 2186 471 2211 nostrum
488 2185 522 2211 F.
535 2186 684 2213 Schoellius
698 2190 755 2215 coll.
772 2191 808 2216 acl
823 2192 891 2217 Aea.
904 2192 1015 2220 V1362:
1031 2203 1096 2220 uero
1114 2195 1137 2221 0
1153 2204 1241 2230 aquae
1256 2194 1406 2225 Fabricius

152 2219 184 2242 21
205 2216 268 2244 ideo
287 2220 381 2252 vulqo:
401 2220 471 2247 adeo
491 2222 556 2247 libri
570 2223 578 2255 ΙΙ
592 2224 751 2255 generalem
766 2225 880 2252 deorum
894 2236 995 2254 nomen
1010 2230 1043 2255 H
1053 2231 1062 2263 Η
1077 2231 1116 2265 et]
1137 2232 1185 2258 sed
1199 2233 1224 2258 L
1238 2234 1248 2266 u
1262 2237 1294 2259 22
1311 2234 1427 2261 caelico-

151 2251 195 2278 lae
211 2252 255 2286 0ss
269 2252 298 2279 di
317 2255 370 2288 ΗΙΙ
388 2258 421 2281 23
442 2257 478 2283 ad
496 2265 520 2283 v.
537 2260 586 2283 642
608 2258 680 2284 Satis
701 2262 849 2295 superque]
870 2263 906 2288 ad
926 2266 1107 2297 augmentum
1129 2267 1289 2302 ‘superque’
1310 2269 1426 2296 addidit.

152 2295 218 2313 sane
237 2289 379 2316 sciendum
399 2292 441 2317 est
460 2312 465 2316 .
482 2313 487 2317 .
505 2314 509 2318 .
531 2293 693 2326 significare.
709 2293 756 2329 ΡΗ
770 2296 848 2322 addit
862 2298 888 2323 L
908 2299 1027 2331 (addidit
1041 2301 1060 2334 Ι)
1075 2302 1084 2334 ΙΙ
1098 2305 1132 2327 24
1150 2303 1263 2329 temesis
1279 2304 1344 2330 LH
1365 2305 1426 2332 the-

152 2322 235 2349 mesis
251 2324 321 2350 ME
337 2326 346 2359 ΙΙ
369 2329 402 2352 25
423 2327 489 2354 satis
508 2329 668 2356 maiusculis
687 2330 784 2358 litteris
802 2332 839 2366 L,
859 2342 907 2361 om.
930 2335 966 2362 M
970 2335 1014 2362 El
1031 2337 1041 2370 ΙΙ
1061 2340 1094 2363 26
1116 2338 1183 2366 satis
1203 2347 1252 2365 om.
1272 2339 1427 2373 Stephanus
