1690 2611
522 117 633 145 COMM.
653 119 692 146 IN
711 120 819 146 VERG.
840 121 922 149 AEN.
943 123 961 149 I.
983 126 1130 151 682—697.
1404 130 1466 161 195

278 195 351 227 691.
389 206 566 230 PLAcmAM
586 209 650 231 PER
669 210 814 233 MEMBRA
835 211 987 240 QVIETEM
1009 207 1064 236 aut
1084 207 1251 247 epitheton
1271 211 1320 240 est
1341 211 1467 253 quietis,

188 250 244 279 aut
266 248 350 282 ideo,
364 249 556 291 ‘placidam’
580 253 674 295 dixit,
695 255 770 296 quia
790 258 839 287 est
859 257 962 298 quies,
983 269 1064 299 quae
1084 262 1191 300 potest
1211 262 1309 294 etiam
1328 266 1466 297 301111110-

188 312 259 332 rum
284 303 407 334 terrore
431 305 566 338 turbari.

277 356 350 387 692.
393 370 514 391 nvzeufflr
535 360 690 400 infhmdit:
707 364 835 402 proprie
858 365 932 403 quia
955 368 983 396 et
1002 377 1127 399 sommus
1150 369 1193 400 δῖε
1210 371 1354 411 pc‘nffl'tm·
1377 374 1467 413 quasi

186 417 280 439 cornu
303 409 458 448 infundat.
550 422 670 445 FOTVM
695 416 874 458 sublatum,
898 419 1096 458 eompleoeum.

275 462 348 493 693.
386 472 569 498 AMARACVS
601 467 653 498 hic
683 479 761 508 puer
792 471 900 511 regius
932 475 1166 514 unguentarius
1198 476 1274 517 fuit,
1306 479 1360 518 qui
1392 491 1466 511 casu

186 513 294 554 lapsus
324 515 398 548 dum
427 517 527 550 ferret
555 524 734 562 unguenta,
767 523 923 555 maiorem
956 536 993 556 ex
1026 531 1248 567 zmyaentormn
1279 532 1466 564 confusione

185 567 316 599 odorem
351 571 485 602 creavit:
523 573 606 604 unde
638 575 762 615 optima
793 581 959 618 unguenta
990 582 1173 613 amaracina
1204 582 1362 616 dicuntur.
1415 586 1467 617 hic

185 623 298 661 postea
321 622 354 654 in
377 623 510 656 herbam
536 637 742 668 sampsucum
767 641 877 662 versus
904 634 965 673 est,
991 644 1086 674 quam
1110 646 1195 667 nunc
1220 637 1318 668 etiam
1343 649 1466 670 amara-

184 684 255 705 cum
280 675 397 708 dicunt.

273 729 345 760 695.
384 739 516 768 IAMQVE
542 742 623 764 ΙΒΛΤ
648 746 720 766 cum
750 737 802 768 vix
828 737 936 770 Venus
969 740 1033 771 ista
1061 741 1203 774 dixisset.
1255 755 1332 776 sane
1361 756 1464 787 neque

182 780 412 814 festinantibus
436 787 581 825 personis
606 799 709 830 neque
735 790 914 823 minoribus
941 795 989 824 est
1014 796 1227 835 respondendi
1253 797 1405 839 facultas,
1430 803 1465 831 ut

181 833 242 865 hoc
266 834 336 867 Ioco
362 837 525 878 Cupidini,
556 839 714 873 Mercurio
741 855 839 885 supra
867 846 945 877 item
975 847 1008 877 111
1037 851 1167 890 quarto,
1198 852 1234 881 ut
1263 851 1295 882 in
1326 853 1464 893 septimo

184 886 307 919 Furiae.

270 942 342 973 (597.
383 953 453 976 CVM
478 955 583 978 VENIT
610 950 666 979 aut
690 961 748 989 pro
774 950 863 982 ‘cum
889 954 1036 994 veniret’,
1069 958 1124 986 aut
1156 959 1191 987 ut
1216 957 1319 989 ‘cum’
1345 961 1388 992 sit
1413 961 1463 991 ad—

182 994 323 1026 verbium
348 998 503 1038 temporis
528 1011 586 1040 pro
611 1002 701 1043 dum;
727 1015 784 1035 nec
808 1006 893 1037 enim
917 1009 1025 1047 potest
1050 1010 1245 1042 coniunctivi
1275 1013 1362 1044 modi
1392 1026 1464 1055 par-

179 1047 280 1079 ticula
304 1049 395 1091 iungi
419 1052 603 1086 indicativo.
634 1067 710 1087 sane
735 1058 915 1100 sciendum,
940 1062 1026 1093 malo
1052 1074 1159 1094 errore
1185 1064 1281 1096 ‘cum'
1307 1068 1339 1097 et
1364 1066 1463 1099 ‘dum’

179 1112 198 1131 a
222 1101 376 1134 Romanis
402 1116 470 1136 esse
495 1108 637 1140 confusa.
729 1120 877 1143 AVLAEIS
903 1114 983 1145 velis
1007 1116 1118 1157 pictis⁷
1147 1129 1228 1158 quae
1254 1119 1324 1151 ideo
1350 1121 1464 1153 aulaea

178 1153 262 1185 dicta
286 1159 373 1198 sunt,
397 1159 481 1199 quod
506 1161 647 1200 primum
676 1163 709 1193 in
741 1165 814 1196 au1a
838 1165 942 1198 Attali
973 1169 1058 1209 regis
1083 1169 1195 1209 Asiae,
1226 1173 1280 1213 qui
1309 1175 1462 1215 populum

177 1206 359 1240 Romanum
393 1212 522 1253 scripsit
554 1213 719 1258 heredem,
752 1218 884 1250 inventa
918 1224 1000 1252 suut.
1048 1223 1118 1255 ideo
1153 1227 1261 1271 autem
1296 1228 1394 1259 etiam
1428 1229 1461 1260 in

177 1260 325 1293 domibus
359 1265 574 1298 tendebantur
608 1269 734 1310 aulaea,
769 1274 805 1302 ut
838 1273 979 1306 imitatio
1013 1279 1229 1310 tentoriorum
1264 1281 1368 1322 fieret,
1402 1283 1461 1314 sub

177 1315 292 1354 quibus
324 1317 481 1350 bellantes
514 1332 639 1362 semper
668 1322 855 1357 habitavere
880 1328 1032 1360 maiores:
1065 1331 1146 1361 unde
1178 1334 1211 1363 et
1242 1333 1275 1364 111
1307 1334 1460 1367 thalamis

177 1367 237 1399 hoc
275 1370 345 1401 fieri
379 1371 537 1414 hodieque
577 1369 799 1417 conspicimus.
848 1379 952 1413 Varro
992 1385 1099 1414 tamen
1138 1385 1216 1416 dicit
1254 1387 1324 1418 vela
1357 1389 1460 1420 solere

177 1423 328 1462 suspendi
349 1425 388 1455 ad
410 1426 631 1467 excipiendum
656 1431 834 1472 pulverem,
860 1434 936 1474 quia
960 1447 1034 1467 usus
1060 1448 1205 1470 camerae
1230 1440 1458 1480 ignorabatur:

175 1475 258 1506 unde
296 1476 452 1509 Horatius
495 1480 645 1513 interea
683 1495 870 1525 suspensa
907 1489 1036 1529 gravis
1076 1491 1214 1523 aulaea
1251 1494 1384 1526 ruinas
1422 1496 1458 1527 in

174 1528 347 1567 patinam
390 1532 528 1573 fecere,
571 1535 770 1568 trahentia
812 1540 985 1579 pulveris
1028 1544 1119 1584 atri,
1162 1549 1342 1586 quantum
1385 1560 1459 1580 11011

175 1580 316 1622 Aquilo
347 1583 550 1626 Campanis
581 1589 726 1621 excitat
758 1592 845 1623 oris.
897 1595 1061 1627 sciendum
1095 1609 1171 1629 sane
1201 1601 1308 1631 onmia
1338 1602 1460 1634 Graeca

173 1635 305 1667 nomina
324 1636 358 1668 in
378 1650 397 1678 η
418 1641 581 1682 exeuntia,
597 1653 668 1673 cum
683 1643 915 1677 derivationem
935 1648 1070 1690 faciunt,
1093 1663 1109 1691 η
1128 1652 1160 1682 111
1177 1664 1214 1684 ae
1230 1653 1455 1696 diphthongon

246 1745 260 1767 6
281 1742 326 1768 hie
345 1752 413 1776 puer
434 1765 438 1769 .
456 1766 460 1770 .
478 1766 483 1771 .
504 1745 610 1780 dicunt]
637 1756 721 1774 exser.
744 1751 882 1785 mythogr.
905 1752 913 1777 I
935 1757 975 1779 34.
1002 1755 1026 1780 ΙΙ
1050 1759 1106 1781 182.
1138 1757 1199 1783 Isid.
1222 1758 1289 1792 orig.
1311 1760 1348 1785 IV
1371 1764 1410 1792 12,
1431 1764 1454 1787 8

173 1775 249 1802 XVII
277 1781 305 1809 9,
333 1781 365 1804 14
389 1780 397 1812 ΙΙ
423 1783 452 1805 11
479 1789 545 1807 sane
570 1803 574 1807 .
597 1803 601 1807 .
623 1803 627 1807 .
655 1783 785 1819 facultas]
811 1787 844 1812 cf.
872 1788 948 1815 Luc-t.
976 1790 1048 1817 Flac.
1075 1792 1109 1817 ad
1135 1794 1205 1819 stat.
1231 1794 1317 1820 Theb.
1339 1796 1349 1820 Ι
1377 1800 1426 1822 303
1453 1827 1454 1830 ¹

172 1811 206 1836 cf.
226 1811 262 1837 ad
281 1821 306 1846 p.
329 1816 386 1846 194,
407 1818 441 1840 24
461 1825 499 1849 sq.
515 1817 524 1849 ΙΙ
546 1820 576 1843 18
597 1827 668 1850 quae
688 1819 750 1846 ideo
771 1822 870 1848 aulaea
891 1843 895 1847 .
915 1845 918 1849 .
936 1845 940 1850 .
962 1825 1075 1852 inventa
1095 1828 1170 1862 sunt]
1192 1837 1277 1855 exscr.
1301 1830 1364 1857 [sid.
1386 1832 1451 1866 orig.

173 1845 235 1872 XIX
256 1850 297 1879 26,
317 1851 332 1874 8
354 1850 363 1881 Η
386 1852 418 1875 25
439 1851 581 1887 Horatius]
602 1855 651 1879 sat.
671 1855 696 1880 II
716 1858 740 1888 S,
761 1859 802 1882 54.
837 1859 869 1884 cf.
890 1858 1026 1893 Porphyr.
1047 1862 1082 1888 ad
1102 1863 1182 1890 hunc.
1204 1873 1271 1891 vere.

244 1948 258 1969 2
283 1946 367 1980 quae]
395 1947 442 1980 qui
467 1948 518 1982 01]
542 1953 558 1975 4
585 1951 621 1976 (ch
647 1959 668 1977 r.
693 1955 744 1978 692
772 1953 889 1990 Inrigat]
918 1957 1041 1985 iufundit
1069 1961 1180 1994 proprie
1210 1962 1276 1995 quia
1305 1964 1396 1997 (quae)
1426 1967 1454 1991 et

176 1987 288 2005 somnus
309 2002 314 2006 .
333 2002 358 2007 ..
380 1983 562 2016 complexum.
584 1986 611 2010 P
629 1987 638 2019 ΙΙ
662 1990 677 2012 5
698 1988 837 2015 sublatum
862 1999 879 2017 a
902 1992 1022 2020 fouendo
1046 1995 1075 2020 D
1098 1996 1107 2028 ΙΙ
1132 2000 1145 2022 G
1166 1998 1203 2022 ad
1221 2006 1244 2023 zu
1266 2001 1316 2024 693
1337 2000 1453 2027 Amara>

173 2015 233 2048 cus]
260 2015 304 2041 hic
329 2025 397 2049 puer
421 2018 513 2052 regius
534 2041 539 2045 .
557 2041 561 2046 .
579 2042 584 2046 .
604 2030 688 2054 quam
713 2032 785 2050 nune
805 2033 965 2054 amaracum
985 2030 1150 2065 (amaracus)
1172 2032 1248 2059 dixit.
1270 2034 1297 2058 P
1316 2035 1325 2067 ΙΙ
1348 2044 1451 2069 ungen-

170 2049 257 2076 tarius
278 2051 345 2077 LM
366 2054 375 2085 H
400 2056 412 2079 7
440 2056 563 2088 ungenta
587 2056 612 2081 L
635 2057 644 2089 ΙῙ
668 2058 801 2085 maiorem
822 2082 827 2087 .
845 2082 849 2087 .
867 2084 871 2088 ,
892 2066 1017 2095 ungenta
1036 2074 1084 2092 om.
1106 2067 1129 2091 L
1154 2068 1227 2100 (add.
1249 2069 1258 2094 Ζ
1277 2070 1307 2095 in
1326 2072 1423 2104 mem-y.)

170 2087 185 2109 8
205 2086 357 2113 amaricina
376 2088 401 2113 L
420 2091 599 2117 amar-achina
621 2092 647 2117 P
663 2093 672 2125 ΙΙ
696 2096 710 2119 9
731 2103 906 2128 sampsucum
929 2099 975 2124 M:
995 2108 1151 2127 samsucum
1170 2103 1237 2129 BH
1253 2107 1450 2139 sampsuchum

171 2120 194 2146 0
216 2123 421 2156 sam{susss‘cum
441 2125 466 2150 L
487 2134 642 2152 samsacum
662 2128 689 2152 P
708 2130 716 2162 Η
740 2138 834 2157 versus
854 2133 907 2167 est]
928 2133 1030 2161 dicitur
1049 2145 1144 2163 uersus
1166 2138 1220 2164 GP
1238 2141 1247 2172 ss
1267 2141 1362 2175 quam]
1384 2142 1451 2174 quia

170 2155 203 2180 H
228 2157 301 2189 quod
325 2158 352 2183 Β
375 2160 384 2192 ΙΙ
407 2160 491 2186 etiam
516 2170 564 2187 om.
591 2162 644 2187 GP
663 2164 672 2196 ΙῙ
698 2167 729 2189 10
754 2165 824 2192 dixit
849 2167 902 2193 GP
920 2170 929 2202 Η
955 2173 985 2195 11
1012 2179 1076 2197 sane
1178 2174 1266 2200 furiae
1291 2184 1340 2201 om.
1365 2177 1422 2203 BC

171 2193 202 2216 15
223 2193 258 2218 ad
278 2200 301 2218 Γ.
323 2196 372 2220 697
393 2195 460 2221 Cum
481 2196 569 2231 uenit]
591 2199 640 2223 aut
658 2207 708 2231 pro
728 2208 790 2226 cum
810 2203 917 2229 ueniret
937 2226 941 2230 .
959 2226 964 2230 .
983 2227 987 2231 .
1009 2207 1129 2234 confusa.
1151 2209 1178 2233 P
1193 2210 1202 2242 H
1220 2212 1268 2236 aut
1287 2212 1318 2236 ut
1337 2213 1450 2245 scripsi.-

170 2226 209 2252 ait
227 2228 259 2253 ut
279 2227 334 2254 GP
351 2231 400 2256 aut
418 2231 556 2258 BLHM
573 2233 606 2265 cf.
628 2234 665 2259 acl
678 2234 747 2261 Aen.
763 2236 787 2261 II
803 2240 853 2263 455
869 2239 877 2271 ΙΙ
894 2242 925 2265 18
945 2250 1056 2267 Avmams
1072 2243 1142 2269 uelis
1157 2244 1240 2278 pictis
1263 2267 1268 2271 .
1285 2267 1289 2272 .
1307 2268 1312 2273 .
1332 2257 1449 2273 mummu-

169 2270 220 2290 st
240 2263 316 2297 (pay.
339 2268 388 2291 196
413 2266 460 2292 lin.
481 2268 507 2297 9)
531 2276 580 2294 om.
603 2268 625 2294 C
641 2270 650 2302 ss
669 2272 702 2295 22
727 2279 836 2304 semper
859 2282 907 2300 om.
928 2275 955 2300 B
978 2277 987 2306 Η
1011 2280 1044 2303 23
1064 2278 1148 2305 hodie
1167 2280 1194 2305 Β
1214 2281 1223 2313 ΙΙ
1248 2284 1279 2306 25
1300 2282 1372 2308 unde
1393 2283 1446 2308 Ho-

168 2296 254 2324 ratius
275 2318 302 2326 ..
319 2320 324 2325 .
344 2300 399 2326 oris
419 2310 468 2329 om.
492 2303 519 2328 B
542 2304 551 2337 ss
571 2313 718 2338 suspensus
738 2306 777 2332 H.
791 2308 799 2340 ΙΙ
819 2311 851 2333 26
873 2310 937 2336 atrii
958 2311 991 2336 H
1006 2313 1014 2345 ΙΙ
1034 2315 1066 2339 27
1087 2314 1154 2349 oris]
1177 2316 1250 2349 agris
1271 2317 1336 2342 libri
1355 2318 1447 2344 Hora-

167 2332 239 2358 tiani
261 2334 270 2367 ΙΙ
293 2335 371 2369 sane]
392 2337 485 2363 tamen
506 2339 514 2364 l

1181 2395 1234 2420 13*

1487 699 1518 721 10

1486 966 1516 988 15

1481 1232 1514 1254 ΞΟ

1480 1498 1512 1521 25
