1690 2611
509 104 623 132 COMM.
642 103 682 130 IN
700 103 808 130 VERG.
827 102 910 129 AEN.
930 103 976 130 IV.
997 105 1144 130 463-471.
1397 101 1461 132 549

277 187 351 219 469.
388 195 523 219 AGMINA
546 194 724 218 PENTHEVS
750 187 806 217 aut
829 185 981 226 impetus:
1007 187 1062 216 aut
1091 183 1263 216 secundum
1292 183 1462 215 Vrbanum

188 241 319 282 agmina
342 241 551 282 serpentium.
588 239 750 271 Pentheus
774 239 886 270 autem'
908 239 1081 270 secundum
1104 238 1307 280 tragoediam
1330 237 1463 269 Pacuvii

186 295 288 326 furuit
312 295 411 326 etiam
434 295 512 335 ipse.
571 306 683 326 AGMINA
702 305 855 325 PENTHEIJ'S
877 295 932 323 aut
954 293 1083 332 impetus
1106 295 1162 323 aut
1190 293 1355 324 seeundum
1378 301 1463 332 quos-

189 349 274 389 dam,
298 349 445 388 quoniam
467 348 588 379 habitus
607 358 714 379 earnm
736 349 764 378 et
780 346 872 378 sibila
891 347 1075 386 serpentium
1092 346 1203 385 faciem
1222 346 1356 386 ayminis
1369 356 1463 386 prae-

186 402 272 434 bent:
295 402 342 434 vel
364 402 439 442 quia
456 402 563 442 plures
584 401 689 441 furiae
706 402 877 441 putantur:
900 400 945 431 vel
968 400 1042 440 quia
1059 399 1188 439 furiosis
1202 409 1261 443 pro
1282 400 1378 431 tribus
1391 400 1462 440 pln-

187 466 236 487 res
258 456 406 487 videntur.
440 457 468 486 et
490 455 560 486 bene
584 454 681 486 ‘videt
702 452 844 495 aymina'
874 453 1020 493 expressit
1039 453 1205 494 fluentem,
1233 463 1302 484 cum
1330 454 1377 484 ait
1404 452 1463 484 evi-

186 508 258 548 det',
282 519 344 541 non
369 508 564 547 ‘existimatu
587 509 640 540 sed
662 508 766 548 ‘putat
787 517 818 549 se
841 506 965 538 videre'.
1011 506 1180 538 Pentheum
1203 509 1305 537 autem
1327 507 1464 546 fin-uisse

188 564 323 595 traditur
345 563 509 594 secundum
533 563 720 602 trayoediam
748 561 886 593 Pacuvi-i.
932 561 967 592 de
989 571 1047 601 quo
1069 560 1178 600 fabula
1202 560 1274 591 talis
1297 563 1356 591 est:
1385 560 1463 592 Pen-

187 617 279 655 theus,
303 616 451 648 Echionis
474 619 502 647 et
519 616 639 657 Ayaves
661 616 754 656 filius,
776 614 990 646 leebanorum
1013 624 1080 655 rem,
1103 624 1171 646 enm
1190 614 1406 654 insliynaretur
1428 625 1464 646 ex

187 673 350 702 matertera
377 680 436 701 sua
463 669 577 701 Semele
601 669 738 709 ⁸(lenitum
767 668 912 699 Liberum
935 670 1059 708 patrem
1087 668 1145 699 coli
1177 670 1335 707 tamquam
1366 668 1463 708 deum,

188 726 223 755 ut
239 724 381 764 primum
404 723 548 763 comperit
570 733 638 754 eum
661 723 696 753 in
720 722 900 754 Cithaerone
922 724 1021 753 monte
1043 731 1113 762 esse,
1136 722 1220 753 misit
1237 721 1389 762 satellites,
1411 722 1465 761 qni

187 787 256 808 eum
278 777 412 808 vinetum
435 777 477 808 ad
498 787 529 808 se
546 777 761 817 perducerent:
785 777 839 816 qui
861 786 930 807 eum
953 776 1054 815 *ipsum
1074 785 1135 806 non
1156 776 1347 813 invenissent,
1366 786 1464 806 urium

188 841 225 862 ex
247 831 405 862 comitibus
428 831 493 862 eius
516 831 647 862 Acoeten
676 832 798 870 captum
825 830 867 860 ad
889 829 1058 860 Pentheum
1079 829 1299 869 perduxerunt.
1346 829 1374 860 is
1396 839 1464 860 cum

179 885 224 918 ,de
246 894 277 916 eo
293 885 467 925 yraviorem
481 894 615 925 poenam
634 885 834 921 constitueret,
854 884 945 915 iussit
963 893 1031 914 eum
1049 883 1173 914 interim
1191 883 1295 914 claudi
1313 883 1464 914 vinetum:

187 948 313 978 eumque
336 941 439 978 sponte
461 948 519 970 sua
542 940 575 969 et
602 938 731 969 carceris
756 938 838 977 fores
865 939 988 977 apertae
1016 939 1125 975 essent,
1153 939 1181 968 et
1207 937 1331 968 vincula
1358 936 1465 968 Acoeti

188 991 379 1030 excidissent,
407 992 540 1024 miratus
567 991 732 1033 Pentheus,
760 993 951 1031 spectaturus
978 1001 1067 1022 sacra
1090 990 1196 1022 Liberi
1217 991 1321 1031 patris
1348 990 1465 1022 Cithae-

189 1055 267 1077 rona
284 1046 379 1086 petit:
408 1056 496 1086 quem
523 1046 623 1077 visum
650 1045 793 1077 Bacchae
820 1045 1051 1085 discerpserunt.
1095 1045 1204 1085 prima
1232 1046 1333 1076 autem
1361 1044 1466 1085 Assaee

188 1101 286 1130 mater
308 1099 374 1131 eius
396 1102 570 1140 amputasse
593 1102 685 1140 cap-ut
707 1100 828 1137 dicitnr,
850 1099 951 1138 feram
975 1109 1036 1130 esse
1059 1099 1247 1130 existimans.

276 1152 350 1184 470.
382 1166 478 1184 somn
494 1166 633 1185 efflamus
654 1153 766 1193 trayice
789 1153 877 1190 dixit,
902 1153 1041 1183 imitatus
1064 1152 1256 1192 Euripidem.
1325 1165 1466 1184 Drpmces

189 1218 302 1238 mesas
324 1207 431 1238 civitas
454 1207 488 1237 in
515 1206 652 1244 Boeotia,
676 1217 696 1237 a
720 1206 835 1238 Cadmo
863 1209 891 1237 et
918 1206 1012 1237 Zetho
1035 1208 1063 1237 et
1090 1206 1265 1246 Amphione
1294 1206 1465 1246 constituta,

188 1260 308 1300 inqua
333 1260 478 1300 Oedipus,
502 1260 564 1291 Lai
593 1261 692 1302 filius,
720 1261 796 1300 fuit,
826 1261 880 1301 qui
909 1270 977 1291 eum
1009 1263 1107 1291 matre
1136 1260 1308 1301 concubuit,
1338 1270 1374 1291 ea}
1403 1270 1466 1300 qaia

187 1313 322 1346 Eteocles
344 1316 373 1345 et
394 1314 554 1355 Polynices
575 1314 710 1354 fuerunt,
729 1315 783 1354 qni
801 1325 831 1346 se
840 1317 967 1354 propter
981 1324 1108 1354 reynum
1124 1314 1252 1345 invicem
1261 1316 1464 1354 peremerunt.

276 1367 350 1399 471.
380 1381 612 1400 uounnnxomrs
630 1381 749 1401 scamus
767 1381 912 1400 ,iazfflrrs
931 1381 1054 1400 onesms
1078 1368 1158 1399 hunc
1183 1367 1307 1400 Oresten
1329 1368 1465 1406 Electra,

187 1431 273 1452 soror
296 1422 373 1462 eius,
398 1424 468 1462 post
490 1422 619 1453 occisum
647 1422 685 1453 ab
717 1422 862 1463 Aeqistho
894 1422 960 1453 dolo
993 1422 1206 1463 Clytemestrae
1236 1423 1347 1454 matris
1379 1422 1465 1463 Agya-

187 1485 375 1506 memnonem
406 1475 571 1516 subtraxit,
603 1486 691 1516 quem
723 1476 866 1517 Strophio
898 1477 1041 1508 alendum
1065 1477 1157 1515 dedit,
1192 1475 1271 1518 (qui)
1300 1487 1368 1507 eum
1396 1487 1465 1508 eum

260 1557 274 1580 2
293 1553 434 1580 Pentheus
453 1555 546 1580 autem
565 1562 588 1580 e.
610 1564 635 1588 q.
656 1555 690 1589 s.]
712 1555 744 1581 cf.
765 1555 846 1581 Ribb.
866 1556 937 1589 trag.
958 1556 1006 1582 rel.
1027 1565 1053 1589 p.
1072 1559 1119 1581 111
1141 1555 1182 1582 ed.
1198 1555 1276 1589 11118
1297 1556 1330 1582 de
1351 1564 1405 1589 quo
1425 1556 1464 1582 fa-

188 1589 254 1616 bula
272 1589 339 1616 talis
360 1590 402 1615 est
421 1598 443 1616 e.
464 1599 490 1624 q.
511 1590 544 1625 s]
565 1590 599 1618 cf.
620 1591 669 1616 Ov.
689 1592 754 1617 met.
776 1591 813 1617 III
834 1595 883 1617 511
901 1600 959 1624 sqq.
979 1592 988 1625 11
1012 1594 1043 1617 19
1064 1591 1237 1626 Euripidem]
1258 1591 1357 1618 Bacch.
1378 1595 1428 1618 916

260 1664 273 1687 1
294 1670 395 1687 Acium
416 1683 421 1688 .
438 1683 442 1688 .
459 1683 465 1689 .
485 1661 573 1688 furuit
592 1662 677 1688 etiam
696 1662 756 1696 ipse
776 1670 825 1690 om.
842 1663 870 1688 F
883 1664 891 1697 11
906 1666 920 1688 '2
942 1663 1124 1697 serpentium]
1146 1662 1245 1696 quibus
1265 1663 1381 1689 crinitae
1402 1665 1465 1689 sunt

188 1697 355 1723 Eumenides
379 1698 443 1724 add,
463 1697 613 1724 Fabricius
640 1699 649 1731 11
676 1702 691 1724 3
711 1707 814 1724 Acium
833 1720 838 1725 .
860 1720 865 1724 .
887 1719 891 1724 .
918 1698 1085 1724 existimaris
1110 1698 1261 1725 seeundum
1289 1699 1464 1732 tragoediam

188 1732 302 1766 paeuuii
320 1732 407 1759 furuit
426 1733 510 1759 etiam
530 1733 589 1767 ipse
609 1734 640 1759 in
658 1742 742 1768 mary.
763 1742 822 1767 sup.
846 1734 870 1759 T
882 1735 891 1768 11
906 1737 921 1760 4
941 1734 1084 1768 quoniam]
1105 1734 1153 1767 qui
1172 1734 1275 1760 Daniel
1302 1735 1368 1767 quia
1388 1735 1463 1761 Com-

188 1769 303 1795 melinus
314 1769 423 1802 primns
436 1769 446 1802 11
460 1769 554 1795 sibilia
570 1769 599 1794 F
610 1770 619 1802 11
634 1771 793 1803 serpentum
811 1770 835 1795 T
848 1770 857 1803 11
877 1774 891 1796 G
907 1769 979 1796 uidit
994 1770 1022 1795 F
1034 1771 1042 1803 11
1058 1770 1109 1805 ait]
1124 1770 1194 1795 dicit
1211 1770 1235 1795 T
1248 1771 1256 1803 11
1277 1773 1290 1796 'c'
1306 1770 1421 1797 feruisse
1438 1771 1468 1796 F

189 1804 273 1830 fuisse
295 1804 319 1829 T
331 1804 340 1837 11
357 1807 388 1830 10
407 1804 570 1839 matertera]
590 1807 679 1831 matre
702 1805 725 1830 T
737 1807 746 1839 11
763 1809 793 1831 11
814 1805 950 1832 comuerit
964 1805 994 1831 F
1006 1806 1014 1839 11
1030 1806 1171 1832 chiterone
1187 1806 1216 1831 F
1228 1807 1236 1838 ΙΙ
1254 1810 1284 1832 13
1304 1808 1399 1833 acoete
1415 1807 1444 1832 F
1457 1808 1465 1839 11

189 1839 212 1865 is
234 1839 271 1865 T.-
294 1839 337 1865 his
357 1839 387 1865 F
412 1840 464 1866 Hic
484 1840 586 1866 Daniel
601 1842 710 1873 primus
733 1842 742 1875 11
765 1842 840 1875 cum]
861 1841 927 1867 dum
946 1843 1014 1867 coni.
1034 1842 1216 1867 Burmannus
1239 1842 1247 1875 11
1278 1844 1309 1868 14
1328 1850 1419 1876 poena
1438 1842 1467 1868 F

190 1875 372 1901 constitueret
391 1876 512 1902 omittens
526 1877 535 1910 11
555 1876 680 1902 uinctum
700 1877 793 1903 claudi
814 1877 839 1902 T
856 1878 865 1910 11
888 1880 920 1903 15
940 1885 1064 1903 carceres
1085 1877 1115 1903 F
1131 1878 1140 1910 11
1166 1880 1197 1903 16
1218 1877 1392 1904 excedissent
1411 1878 1441 1904 F
1457 1879 1465 1911 11

190 1912 364 1944 spectaturus
386 1911 423 1936 T:
442 1912 636 1945 expectaturus
656 1912 686 1937 F
712 1914 907 1945 expectaturus
926 1913 1030 1939 Daniel
1044 1913 1052 1946 11
1074 1916 1105 1939 17
1126 1913 1228 1939 baccae
1249 1913 1279 1938 F
1290 1914 1299 1946 11
1316 1916 1347 1939 18
1368 1914 1463 1948 caput]

190 1946 280 1980 capud
294 1946 324 1972 F
348 1948 433 1980 caput
451 1947 509 1972 eius
526 1947 551 1972 T
563 1948 572 1981 11
586 1947 758 1982 existimans]
779 1948 930 1974 secundum
949 1949 1123 1982 tragoediam
1142 1948 1255 1982 pacuuii
1273 1948 1360 1975 furuit
1379 1949 1463 1976 etiam

190 1981 250 2015 ipse
270 1982 333 2008 add.
348 1982 372 2008 T
393 1983 544 2008 secundum
560 1983 696 2009 urbanum
711 1983 825 2017 agmina,
840 1985 1000 2018 serpentum
1018 1984 1175 2018 phentheus
1195 1983 1281 2010 furuit
1300 1985 1385 2011 etiam
1405 1985 1464 2019 ipse

190 2017 340 2043 secundum
364 2018 466 2051 pacuui
489 2019 672 2052 tragoediam.
711 2019 798 2045 scenis
822 2019 944 2053 agitatus
968 2020 1090 2046 famosus
1115 2020 1270 2046 celebratus
1295 2020 1465 2054 traguoediis

191 2054 220 2079 et
239 2053 363 2087 agitatus
382 2062 438 2086 qua
457 2055 486 2079 et
503 2054 590 2080 furuit
609 2056 637 2080 et
655 2055 742 2080 multe
762 2055 795 2081 de
816 2063 848 2081 eo
868 2057 932 2081 sunt
952 2055 1132 2089 traguoediae
1151 2064 1235 2088 quam
1260 2056 1283 2081 si
1306 2056 1465 2089 frequenter

192 2090 270 2115 actus
289 2089 351 2115 add.
365 2089 400 2115 F.
428 2098 441 2115 c
456 2089 588 2115 Serviano
604 2090 689 2123 iyitur
704 2091 773 2116 libro
792 2091 880 2117 nescio
899 2092 960 2124 quis
980 2092 1079 2117 adiecit
1098 2100 1166 2125 quae
1184 2092 1348 2118 videbantur
1366 2093 1465 2118 omissa

191 2132 250 2150 esse.
262 2136 269 2142 ·
289 2125 320 2150 in
338 2125 438 2150 scholio
458 2125 494 2151 ad
513 2125 619 2151 scaenis
638 2125 761 2159 agitatus
780 2127 950 2152 memorabile
968 2129 1005 2152 est
1023 2127 1071 2152 hoc
1090 2127 1145 2153 loco
1165 2127 1250 2153 deesse
1269 2136 1337 2161 qnae
1356 2128 1433 2159 vinfra
1452 2136 1465 2154 c

190 2160 367 2186 Floriacensi
380 2160 484 2186 Daniel
503 2161 618 2187 addidit.
638 2162 647 2194 11
670 2164 702 2187 19
721 2161 847 2188 imitatus
862 2162 1025 2195 Euripidem
1039 2162 1155 2188 Daniel:
1173 2162 1350 2189 imitantibus
1369 2163 1464 2196 euripe

191 2195 221 2221 F
241 2197 250 2229 11
273 2196 310 2222 ad
334 2195 459 2229 duplices
479 2196 588 2222 Thebas
608 2197 638 2222 in
658 2205 742 2230 mara.
763 2197 862 2223 ciuitas
884 2219 888 2224 .
909 2219 914 2224 .
937 2219 941 2223 .
962 2199 1138 2231 peremerunt
1160 2199 1182 2223 T
1209 2199 1217 2232 11
1246 2201 1279 2224 ⁵20
1298 2198 1393 2224 boetia
1414 2199 1439 2223 T

190 2232 250 2257 zeto
270 2231 330 2257 FT
347 2232 356 2265 11
377 2232 536 2257 constructa
558 2232 604 2265 Τ11
623 2235 654 2258 21
676 2233 742 2266 qua]
763 2241 817 2266 quo
838 2233 887 2266 Fss
906 2233 1023 2266 edippus
1042 2234 1103 2259 FT
1117 2234 1126 2267 11
1147 2234 1201 2260 fuit
1219 2242 1268 2260 om.
1290 2233 1320 2259 F
1345 2234 1398 2260 fuit
1417 2235 1464 2267 qui

190 2274 239 2292 om.
255 2267 358 2293 Daniel
371 2268 380 2301 11
400 2270 433 2293 ‘22
454 2267 566 2294 eteodes
586 2268 615 2294 et
632 2267 767 2302 polimius·
785 2268 809 2293 T
821 2270 830 2302 11
850 2268 963 2294 fuerunt
982 2277 1030 2295 om.
1051 2269 1081 2295 F
1092 2271 1101 2303 11
1115 2269 1287 2303 perimerunt
1306 2269 1335 2295 F
1347 2271 1356 2303 11
1375 2273 1407 2295 23
1428 2270 1465 2296 ad

190 2309 256 2329 vers.
276 2305 326 2329 471
347 2303 378 2328 in
397 2311 482 2337 mary.
503 2303 575 2329 hunc
596 2325 601 2330 ,
622 2325 627 2330 .
649 2323 655 2330 .
675 2303 829 2338 phalanges
851 2304 875 2330 T
887 2305 896 2337 11
910 2313 982 2330 nunc
1001 2304 1051 2338 Fu
1066 2307 1156 2331 oreste
1178 2305 1207 2331 F
1219 2306 1227 2339 11
1249 2307 1281 2331 25
1301 2313 1383 2338 quem
1404 2327 1408 2332 .
1430 2326 1435 2331 .
1457 2327 1462 2332 .

190 2337 320 2371 perduxit
338 2346 386 2366 om.
407 2338 438 2364 F

1485 672 1516 695 10

1486 941 1517 963 15

1485 1209 1518 1233 20

1484 1479 1517 1502 25
