1690 2611
537 539 693 575 SERVII
722 538 1024 575 GRAMMATICI

237 622 294 668 ‘IN
325 628 566 670 VERGILH
597 626 861 669 AENEIDOS
893 627 1098 669 LIBRVM
1130 627 1339 669 PRIMVM

572 724 991 785 COMMENTARIVS.

234 881 272 912 In
297 882 491 922 exponendis
516 881 700 912 auctoribus
725 881 805 912 haec
829 881 1060 912 consideranda
1091 884 1181 912 sunt:
1210 883 1323 922 poetae
1348 882 1423 919 vita,

145 935 260 966 titulus
281 936 400 976 operiS,
426 935 566 976 qualitas
587 935 755 975 carminis,
781 935 949 966 scribentis
975 935 1126 975 intentio,
1150 946 1302 967 numerus
1328 936 1424 967 libro-

146 1000 231 1030 rum,
256 989 333 1020 ordo
357 989 528 1029 librorum,
553 988 746 1028 explanatio.
783 987 923 1029 Vergilii
947 988 1027 1019 haec
1051 989 1118 1020 vita
1138 991 1195 1019 est.
1233 991 1324 1029 patre
1345 988 1424 1020 Ver-

146 1041 226 1082 gilio
251 1044 354 1073 matre
378 1041 487 1082 Magia
511 1041 585 1081 fuit3
611 1041 688 1072 civis
709 1040 917 1082 Mantuanus,
943 1052 1023 1082 quae
1048 1041 1162 1073 civitas
1188 1044 1236 1072 est
1261 1041 1424 1073 Venetiae.

146 1094 280 1125 diversis
301 1095 332 1125 in
354 1094 433 1126 locis
454 1105 585 1135 operam
605 1094 725 1125 litteris
746 1094 846 1135 dedit3
867 1105 942 1125 nam
962 1096 993 1125 et
1009 1093 1186 1126 Cremonae
1202 1096 1234 1125 et
1249 1094 1423 1126 Mediolani
1444 1104 1458 1126 5

146 1150 179 1178 et
198 1147 335 1188 Neapoli
356 1147 487 1178 studuit.
526 1147 603 1178 adeo
625 1149 732 1178 autem
752 1140 1041 1178 verecundissimus
1066 1148 1142 1188 fuit,
1166 1149 1202 1178 ut
1222 1159 1259 1178 ex
1280 1148 1423 1179 moribus

146 1211 323 1241 cognomen
348 1201 519 1242 acceperit3
544 1212 619 1231 nam
639 1201 742 1232 dictus
763 1202 812 1232 est
832 1200 1034 1232 Parthenias.
1073 1201 1161 1232 omni
1180 1201 1248 1232 vita
1267 1201 1424 1241 probatus

145 1265 208 1285 uno
233 1255 361 1285 tantum
386 1254 498 1285 morbo
523 1254 707 1294 laborabat3
732 1265 807 1284 nam
826 1254 987 1294 inpatiens
1012 1254 1157 1285 libidinis
1178 1254 1248 1285 fuit.
1285 1255 1424 1295 primum

146 1308 185 1339 ab
210 1308 271 1339 hoc
296 1307 457 1338 distichon
482 1307 604 1338 factum
629 1309 677 1338 est
700 1307 734 1337 in
758 1307 929 1338 Ballistam
954 1307 1112 1338 latronem

305 1360 432 1392 Monte
458 1360 525 1391 sub
550 1360 621 1391 hoc
645 1361 815 1401 lapidum
840 1361 990 1401 tegitur
1014 1360 1184 1391 Ballista
1208 1361 1402 1401 sepultus:
1446 1370 1477 1392 10

393 1416 505 1445 nocte
530 1413 589 1444 die
614 1415 742 1444 tutum
767 1424 880 1454 carpe
905 1414 1033 1445 viator
1057 1413 1140 1444 iter.

147 1467 276 1508 scripsit
305 1467 402 1498 etiam
432 1468 557 1507 septem
587 1467 653 1497 sive
678 1470 751 1498 octo
776 1467 875 1498 libros
900 1466 972 1497 hos:
1004 1465 1094 1497 Cirin
1118 1466 1257 1497 Aetnam
1282 1465 1425 1497 Culicem

146 1521 295 1561 Priapeia
318 1519 511 1560 Catalepton
531 1520 779 1561 Epigrammata
798 1519 919 1560 Copam
944 1519 1050 1550 Diras.
1087 1522 1200 1560 postea
1225 1520 1304 1550 ortis
1329 1519 1424 1550 bellis

218 1620 230 1641 1
253 1616 283 1641 In
303 1616 471 1650 exponendis
491 1638 495 1642 .
513 1638 517 1642 .
536 1637 541 1642 .
560 1616 619 1642 vita
638 1624 687 1641 om..
703 1616 729 1641 B
744 1618 753 1649 ΙΙ
768 1616 908 1642 actoribus
927 1616 951 1642 G
965 1617 974 1649 11
988 1615 1048 1642 uita
1067 1617 1167 1649 poetae
1187 1615 1216 1640 E
1229 1617 1237 1648 ΙΙ
1252 1618 1267 1641 2
1288 1615 1425 1642 scribendi

145 1651 264 1678 intentio
284 1651 309 1677 G
333 1653 341 1685 ΙΙ
365 1655 380 1677 3
401 1651 530 1686 Vergilii]
551 1651 657 1685 uirgilii
681 1652 752 1677 libri.
790 1652 867 1677 semel
886 1659 977 1677 moveo
996 1652 1156 1684 ‘ubicunque
1171 1654 1253 1684 poeta
1272 1652 1426 1677 ‘nominetur

147 1688 289 1720 antiquam
303 1695 343 1713 me
356 1688 475 1713 nominis
489 1688 603 1719 sormam
621 1688 744 1720 posuisse
759 1696 837 1720 quam
857 1687 991 1720 pleniores
1009 1687 1085 1718 libri,
1105 1689 1136 1712 'ut
1154 1687 1301 1719 qenai-atim
1322 1687 1426 1720 loquar.

147 1725 195 1748 aut
214 1723 373 1755 plerumque
398 1725 447 1748 aut
465 1730 521 1748 own
539 1723 630 1748 minus
649 1730 726 1755 saepe
745 1731 825 1755 quam
846 1723 1016 1748 recentiorem
1036 1722 1175 1755 praebent.
1214 1721 1342 1748 Serviani
1362 1722 1426 1748 libri

147 1761 253 1791 est-cepto
273 1758 486 1784 Karoliruhensi
501 1766 587 1791 prope
606 1760 760 1783 constanter
780 1757 915 1791 Virgilius
939 1758 1070 1784 aldberct.
1095 1759 1104 1790 ΙΙ
1127 1758 1170 1783 est
1189 1766 1238 1783 om.
1260 1758 1296 1783 M
1317 1759 1326 1791 Η
1350 1758 1426 1783 ortus

147 1793 201 1819 fuit
224 1794 277 1825 (est
295 1793 377 1825 Lien)
402 1795 481 1827 patre
506 1794 672 1827 ememplarz'a
696 1794 826 1826 impressa
849 1795 857 1826 ΙΙ
885 1793 1022 1827 Vergilio]
1052 1793 1137 1826 figulo
1159 1793 1250 1819 Paris.
1274 1796 1346 1819 7959
1370 1794 1426 1824 for-

148 1831 216 1854 tasse
234 1831 314 1860 recte,
333 1828 445 1862 uirgilio
465 1829 564 1862 reliqui
583 1831 591 1862 ΙΙ
611 1832 626 1854 4
646 1830 734 1854 matre
755 1837 819 1855 uero
840 1829 877 1861 G⁷
897 1829 942 1855 secl
961 1837 1026 1854 uero
1045 1836 1120 1861 supr.
1136 1836 1201 1854 vers.
1217 1829 1226 1861 ΙΙ
1244 1828 1337 1862 magia
1353 1828 1425 1854 GH:

148 1863 223 1889 maia
241 1863 267 1888 B
285 1863 375 1890 Paris.
393 1864 458 1889 ME
475 1864 568 1896 maiia
583 1864 606 1889 L
621 1865 630 1897 ΙΙ
645 1864 698 1890 fust
717 1865 798 1890 natus
819 1865 841 1890 le
855 1865 863 1897 ΙΙ
878 1864 952 1890 ciues
972 1864 996 1889 G
1011 1865 1020 1896 ΙΙ
1034 1866 1049 1889 5
1069 1863 1231 1890 mediolanii
1252 1864 1275 1888 L
1290 1865 1299 1897 [Ι
1315 1867 1328 1889 7
1349 1871 1425 1890 acce-

148 1898 221 1932 perit
241 1899 363 1953 Parisl:
367 1899 506 1932 acciperet.
525 1900 623 1933 reliqui
641 1901 650 1933 Η
669 1899 834 1933 panthenias
854 1900 891 1930 (r
915 1900 960 1926 sed
976 1900 1056 1932 prior
1074 1908 1092 1925 n
1112 1908 1124 1925 e
1144 1908 1212 1926 eoru)
1232 1900 1241 1933 ΙΙ
1261 1902 1275 1925 8
1295 1908 1380 1925 unum
1400 1900 1426 1924 R

192 1940 205 1952 0
300 1940 327 1953 ue
351 1941 365 1954 u

149 1968 204 1985 una
217 1960 241 1985 G
255 1961 264 1993 ΙΙ
278 1961 373 1986 morbo
384 1961 410 1985 B
430 1960 499 1986 uitio
510 1961 539 1986 E
552 1962 560 1994 ΙΙ
574 1961 686 1988 laboiat
700 1961 759 1987 LH
777 1963 856 1994 (eoru
873 1962 891 1989 l)
906 1962 914 1994 ΙΙ
929 1961 1049 1994 primum
1065 1961 1121 1987 ab
1117 1969 1167 1986 1100
1183 1960 1301 1987 disticon
1321 1961 1426 1987 factum

149 1997 192 2021 est
212 1995 303 2022 Paris.
315 1995 436 2021 ΗΙΙῙΕΖ.
461 1996 581 2029 primum
601 1997 635 2022 ab
655 1997 704 2023 illo
724 1997 776 2023 hoc
796 1996 916 2022 disticon
935 1996 1041 2022 factum
1061 1998 1103 2022 est
1122 1996 1148 2021 B
1168 1997 1287 2029 primum
1308 1996 1426 2022 disticon

149 2030 177 2056 in
197 2031 327 2056 balistam
345 2031 481 2057 latronem
497 2032 652 2065 composuit
667 2032 692 2058 G
711 2033 830 2066 primum
846 2041 862 2058 a
877 2031 997 2058 disticon
1017 2032 1109 2065 caepit
1128 2031 1201 2064 quod
1221 2032 1325 2058 factum
1346 2033 1388 2057 est
1403 2032 1426 2056 I

148 2066 289 2099 primum
283 2075 299 2092 a
310 2066 427 2099 Virgilio
443 2066 496 2092 hoc
511 2066 649 2093 distichon
664 2068 768 2094 factum
784 2069 825 2093 est
844 2068 1011 2100 εϊουιρῖανία
1027 2076 1158 2100 wipressa
1172 2068 1180 2100 ΙΙ
1195 2070 1210 2093 9
1225 2067 1365 2093 ballistam
1378 2068 1425 2092 M:

148 2101 278 2127 balistam
297 2102 396 2135 reliqui
409 2103 418 2135 ΙΙ
435 2105 465 2127 10
485 2101 600 2128 ballista
615 2103 662 2128 M.
682 2103 785 2129 balista
804 2104 903 2136 reliqui
917 2104 925 2135 Ι]
942 2106 971 2128 11
994 2102 1022 2128 di
1037 2103 1062 2127 L
1087 2103 1141 2135 (die
1156 2103 1175 2135 l)
1190 2104 1198 2135 ΙΙ
1220 2106 1251 2128 12
1272 2103 1355 2129 hocto
1375 2103 1399 2127 L

149 2136 236 2163 cirina
259 2138 352 2163 etnam
372 2137 459 2162 BLH
471 2137 562 2164 Paris
591 2137 668 2164 crina
692 2139 785 2164 etnam
805 2139 830 2164 G
858 2138 946 2164 eirina
965 2138 1079 2173 ethnam
1101 2139 1137 2163 M
1164 2137 1245 2164 cinna
1265 2139 1378 2164 ethnam
1398 2138 1427 2162 J

865 2176 889 2193 ta
913 2180 924 2192 0

149 2199 190 2231 (at
209 2198 296 2225 cii-ina
315 2207 327 2225 e
346 2199 376 2225 in
394 2200 491 2232 mam)
514 2200 523 2232 [Ι
552 2202 583 2225 13
603 2199 745 2233 priapeaia,
764 2200 797 2226 H
814 2201 822 2234 ΙΙ
846 2200 979 2233 0010111011
1000 2200 1091 2225 szs
1127 2200 1234 2234 catelep
1236 2201 1285 2226 ton
1310 2200 1335 2225 V
1352 2200 1424 2224 Bur

148 2235 244 2260 manni
275 2235 441 2260 catalectum
462 2235 486 2260 G
521 2235 677 2260 catalecton
702 2236 806 2269 reliqui.
845 2236 878 2267 cf.
900 2238 962 2268 post
986 2235 1136 2269 Berylcimn
1159 2244 1225 2262 mus.
1245 2236 1317 2262 rhen.
1339 2238 1355 2260 z‘.
1377 2235 1424 2259 XX

146 2304 174 2329 p.
195 2299 244 2322 291
265 2296 299 2323 R.
325 2296 447 2330 Unyerus
467 2305 531 2322 ann.
548 2297 616 2329 phil.
637 2299 653 2323 t.
675 2296 761 2322 CXILI
776 2305 806 2329 p.
827 2300 877 2322 4⁶29
887 2305 940 2330 sqq.
965 2298 974 2330 l}
998 2297 1228 2331 epigrammatam
1250 2297 1309 2323 GH
1328 2298 1336 2329 ΙΙ
1355 2273 1425 2322 nco<

149 2334 345 2391 pametdiraset
359 2333 413 2356 egm
428 2333 454 2351 dc
468 2338 519 2352 rosa
531 2358 555 2383 G
574 2359 653 2391 (quae
671 2366 758 2392 supra
771 2367 876 2385 versum
890 2361 955 2386 sunt
972 2359 1029 2385 alia
1046 2368 1142 2386 memus
1157 2360 1294 2386 addidisse
1309 2359 1425 2391 vidam-s

203 2407 275 2426 Servii
290 2413 368 2427 comm.
383 2408 433 2428 Vol.
448 2408 465 2428 I,
482 2408 546 2427 Fasc.
561 2408 579 2426 I⁴
1199 2407 1210 2428 1
