1690 2611
229 109 271 142 38
809 110 928 137 SERVH

229 191 378 223 Aeneas
398 192 573 233 rapidum
594 192 639 224 ad
657 203 773 224 naves
793 193 1015 234 praemittit
1030 192 1225 224 Achatem.
1263 194 1387 235 ellipsis
1404 196 1512 226 autem

231 248 280 277 est
304 245 452 286 quotiens
476 245 612 277 remotis
634 246 837 287 interpositis
857 246 948 278 deest
967 246 1102 288 aliquid,
1126 248 1162 278 nt
1186 248 1236 278 est
1260 259 1352 289 quos
1378 259 1445 290 ego
1475 266 1513 270 -—

230 301 320 340 post
348 298 443 330 mihi
470 310 544 330 non
573 299 697 331 simili
725 311 861 341 poena;
893 300 982 331 deest
1010 300 1096 331 enim
1120 299 1316 342 ‘adfligam'.
1405 303 1511 341 Arois]

229 363 304 384 sane
327 353 450 393 antiqui
478 353 615 393 quotiens
638 363 658 384 a
682 353 851 384 minoribus
879 353 1055 394 beneficium
1075 354 1227 393 petebant,
1251 364 1271 384 a
1293 355 1416 386 nomine
1440 356 1514 387 inei-

195 413 210 435 5
224 406 364 446 plebani,
388 409 417 438 et
438 409 505 438 erat
522 406 702 438 honoratius
721 408 749 438 si
768 417 877 438 nomen
902 407 1000 447 ipsius
1023 409 1094 438 ante
1111 407 1314 447 praeferrent.
1400 418 1513 440 DIVVM

230 468 342 491 PATER
366 468 484 497 ATQVE
508 468 673 491 HOMINVM
698 468 766 491 REX
789 460 939 500 Iuppiter.
973 463 1001 491 et
1018 460 1217 501 periphrasis
1239 462 1301 500 est,
1325 460 1357 492 id
1382 463 1432 493 est
1456 462 1513 492 eir-

231 513 434 545 cumlocutio.
473 513 588 554 ‘pater'
609 515 711 544 autem
730 524 750 544 a
772 513 902 554 Vcryitio
921 514 964 545 acl
981 514 1177 545 eminentiam
1191 515 1334 555 ponitur,
1357 517 1392 546 ut
1405 517 1514 555 pater

230 567 376 599 Aeneas
400 570 426 598 ct
448 569 558 607 pater
581 566 835 607 Appenninus.

320 621 371 652 66.
413 629 458 651 ΕΤ
490 629 651 651 MVLCERE
685 629 792 651 DEDIT
826 629 979 653 FLVCTVS
1001 630 1054 660 *ET
1086 630 1245 653 TOLLERE
1276 630 1394 654 VENTO
1428 622 1515 654 aliud

180 680 211 703 10
231 674 349 716 pendet
378 685 415 705 ex
445 674 524 715 alio3
554 685 629 705 nam
659 674 713 716 qui
741 676 851 715 potest
881 675 1035 715 mulcere,
1063 677 1172 716 potest
1197 677 1229 706 et
1252 675 1380 716 tollere,
1409 676 1441 707 id
1466 678 1515 707 est

232 728 355 769 erigere
379 728 412 759 in
436 729 673 768 tempestatem.
718 727 878 759 ‘mulcere’
898 730 1000 759 autent
1018 729 1159 761 delenire.
1194 729 1265 760 ltine
1284 729 1418 760 mulsum
1436 729 1516 769 quod

231 782 387 814 dulcedine
415 782 536 813 animos
561 783 680 813 nostros
705 781 901 821 permulceat.
941 782 1000 813 alii
1028 781 1186 813 ‘nczdeere'
1214 783 1367 823 niitiyarc,
1396 782 1516 814 mollire

233 836 276 867 vel
296 836 404 876 fovere.

323 889 373 920 67.
412 898 498 920 GENS
529 900 634 920 sermo
663 888 716 919 hic
746 890 778 920 et
806 889 973 920 nationem
1002 889 1164 931 significat
1193 891 1225 920 et
1254 889 1426 930 familiam,
1460 889 1515 920 sed

182 950 212 972 15
232 954 315 974 nunc
345 943 385 974 ad
418 944 590 983 utrumque
619 943 728 982 potest
757 942 878 973 referri.
929 953 1005 973 nam
1039 943 1094 973 aut
1127 942 1166 973 ad
1199 942 1358 974 familiam
1387 942 1515 974 Aeneae

233 998 289 1028 aut
323 996 361 1027 ad
391 996 567 1027 Troianam
601 997 732 1037 gentem
765 995 912 1027 refertur.
1015 997 1208 1036 rmssfflsmzu]
1241 995 1418 1036 Tyr-rhenus
1447 1006 1516 1027 cum

230 1050 330 1089 fratre
353 1049 440 1090 Lydo
463 1059 591 1089 reqnuni
614 1059 649 1080 ca
675 1049 864 1089 {ndulqentia
889 1049 997 1091 tenuit,
1026 1051 1062 1080 ut
1085 1049 1190 1090 iugens
1216 1050 1389 1090 frequentia
1407 1050 1517 1090 populi

232 1103 281 1135 his
299 1103 498 1144 continqeret:
522 1113 599 1143 quae
613 1113 706 1133 causa
722 1112 875 1133 sunnnant
891 1113 993 1134 reruni
1011 1103 1083 1142 feeit
1101 1104 1252 1144 inopiam,
1277 1103 1362 1135 nullo
1375 1104 1516 1144 patriani

233 1156 421 1196 relinquente
445 1158 500 1187 aut
523 1156 636 1187 volente
654 1156 863 1196 pereyo-inari,
893 1157 967 1196 quia
992 1158 1079 1187 tanta
1102 1156 1221 1188 bonitas
1244 1159 1309 1188 erat
1332 1158 1365 1188 in
1389 1157 1516 1198 reqibus.

180 1216 214 1240 20
234 1210 396 1242 consilium
415 1210 511 1250 iqitur
529 1209 713 1247 habuerunt,
739 1212 773 1240 ut
790 1210 905 1249 partiti
925 1210 1059 1248 turbant,
1078 1220 1169 1250 quana
1186 1210 1267 1242 alere
1285 1221 1347 1242 non
1364 1213 1516 1251 poterant,

234 1263 362 1295 alternis
385 1263 488 1294 dicbus
512 1263 695 1294 abstinerent
713 1274 731 1293 a
752 1263 825 1294 cibis
845 1263 1017 1303 {usibusque
1040 1266 1207 1295 vacaretur.
1244 1267 1333 1304 atque
1351 1263 1408 1294 hac
1428 1264 1516 1295 lasei-

234 1318 286 1348 via
309 1318 554 1358 cxcoyitstverunt
577 1317 709 1348 talorum
726 1319 964 1356 tesserarumque
979 1317 1077 1348 ‘iaetus
1097 1308 1239 1357 pilaeque
1259 1317 1359 1349 lusmn
1378 1320 1406 1348 et
1425 1317 1517 1348 tibiae

234 1371 473 1402 modulationem
505 1373 533 1402 et
565 1373 739 1401 concentum
771 1369 967 1410 symphoniae
1005 1370 1217 1411 tubarumque,
1255 1371 1363 1411 quibus
1399 1372 1517 1402 avocati

234 1425 311 1456 cives
333 1424 460 1463 facilius
484 1424 647 1455 tolerarent
671 1424 827 1455 ieiunium.
865 1424 1026 1455 novissime
1046 1426 1147 1455 tamen
1166 1424 1240 1464 quia
1263 1424 1400 1455 vincebat
1421 1434 1516 1456 neces-

182 1485 214 1507 25
234 1479 312 1510 sitas
336 1488 388 1509 nee
411 1478 477 1509 ulla
501 1478 630 1509 consilia
651 1478 767 1517 famem
786 1477 965 1516 relevarent,
989 1478 1091 1509 sortiti
1112 1480 1196 1518 sunt,
1220 1480 1287 1509 uter
1309 1488 1346 1509 ex
1367 1478 1518 1517 fratribus

235 1542 303 1563 cum
326 1534 417 1571 parte
440 1532 551 1571 populi
578 1531 675 1562 abiret
702 1531 733 1561 in
757 1541 834 1571 quas
857 1541 922 1562 sors
947 1533 1044 1562 terras
1068 1531 1203 1562 dedisset.
1249 1541 1318 1563 cum
1344 1531 1518 1571 Tyrrhenus

309 1622 320 1645 1
343 1619 462 1653 Aeneas]
484 1620 515 1646 A
532 1620 543 1644 1
559 1622 609 1645 643
624 1620 662 1653 ΙΙ
648 1622 662 1637 ⁰
679 1627 748 1652 quos
767 1619 832 1654 ego]
853 1620 886 1645 A.
903 1619 913 1644 Ι
930 1621 978 1645 135
994 1620 1003 1652 ΙΙ
1018 1622 1033 1644 4
1049 1627 1114 1644 sane
1133 1618 1242 1651 antiqui
1263 1639 1267 1644 .
1286 1638 1291 1644 .
1309 1618 1517 1653 ‚praeseri-ent]

237 1655 305 1681 Don.
325 1655 361 1681 ad
381 1655 442 1682 Ter.
463 1655 506 1681 ad.
526 1655 550 1681 V
571 1658 595 1687 6,
616 1659 630 1680 3
651 1628 696 1680 etq
700 1658 714 1680 6
733 1655 742 1688 ΙΙ
763 1657 778 1680 8
799 1655 878 1688 pater
897 1655 1072 1689 Appeninus]
1091 1654 1123 1680 A.
1144 1653 1195 1679 XII
1217 1656 1265 1680 703
1286 1655 1294 1688 ΙΙ
1320 1657 1352 1680 14
1372 1664 1437 1680 osus
1458 1675 1463 1680 .
1484 1676 1490 1681 .
1511 1676 1517 1682 .

236 1690 344 1725 referri]
362 1690 423 1716 lsid
439 1690 496 1716 diff.
513 1699 536 1717 v.
553 1693 604 1716 270
619 1691 628 1724 ΙΙ
644 1693 675 1716 16
692 1690 851 1724 Tyrrhenus
867 1698 888 1716 e.
901 1699 926 1723 q.
938 1690 970 1724 s.]
989 1689 1089 1716 Herod.
1106 1689 1117 1715 Ι
1133 1692 1173 1715 94.
1194 1689 1274 1716 Dion.
1290 1689 1353 1716 Hal,
1369 1697 1392 1715 a.
1409 1689 1440 1716 R.
1457 1690 1467 1716 I
1484 1693 1515 1716 27

311 1775 320 1796 1
344 1771 463 1797 achaten
482 1770 588 1796 BME
604 1771 613 1804 ΙΙ
633 1769 742 1803 eclipsis
762 1770 864 1796 LME
881 1771 890 1804 ΙΙ
910 1771 1004 1796 antem
1023 1777 1072 1796 om.
1093 1769 1124 1795 K
1139 1770 1148 1804 ΙΙ
1172 1773 1186 1795 2
1208 1770 1250 1795 est
1269 1778 1318 1796 0111.
1339 1769 1391 1803 L}
1382 1770 1391 1804 ΙΙ
1411 1769 1517 1804 aliquid

237 1804 294 1832 α’πὸ
315 1806 363 1832 τοὺ
386 1804 524 1832 ἐκλείπειν
540 1806 568 1831 D
582 1806 590 1839 ΙΙ
606 1809 620 1831 6
638 1805 781 1839 perifrasis
802 1807 844 1831 est
863 1805 890 1831 id
911 1806 954 1831 est
973 1805 1180 1831 cileumlocutio
1195 1805 1353 1838 BC*PM‚
1373 1806 1429 1831 nisi
1447 1806 1518 1839 qnod

238 1843 281 1868 est
303 1841 444 1875 perifrasis
469 1841 540 1867 0³⁸1)
572 1841 779 1867 circumlocutio
803 1841 832 1867 id
856 1842 898 1866 est
922 1841 1064 1874 perifrasis
1087 1840 1195 1872 KLE,
1223 1841 1279 1867 nisi
1302 1841 1374 1874 quod
1402 1841 1517 1867 circum-

237 1878 342 1904 locutio
363 1878 404 1903 est
423 1877 447 1902 L
461 1878 470 1910 ΙΙ
485 1876 694 1902 circumlocutio
714 1875 803 1910 πατὴρ
823 1873 936 1910 ἀνδρῶν
951 1886 979 1902 τε
994 1877 1073 1902 θεῶν
1088 1886 1117 1902 τε
1133 1876 1284 1903 Fabri'ezus
1298 1877 1306 1910 ΙΙ
1322 1879 1336 1902 7
1357 1885 1374 1902 a
1392 1876 1496 1903 01110*
1511 1877 1519 1910 ΙΙ

238 1918 253 1939 9
274 1914 310 1938 ad
324 1921 347 1938 n.
365 1916 397 1938 66
417 1913 454 1938 Et
472 1912 593 1938 mulcere
609 1912 686 1938 dedit
701 1912 800 1938 fluctus
815 1913 843 1938 et
858 1912 956 1938 tollere
971 1913 1067 1946 uento}
1089 1912 1189 1938 aliud.
1256 1912 1362 1939 tollere.
1396 1912 1517 1938 mulcere

238 1949 331 1974 autem
350 1948 466 1974 delinire
481 1947 665 1981 (declinare).
697 1948 819 1974 .fouere.
838 1948 864 1972 Ρ
877 1948 885 1981 ΙΙ
904 1951 933 1973 14
954 1948 990 1973 ad
1004 1956 1027 1973 v.
1040 1951 1072 1974 67
1089 1947 1174 1982 Gens]
1190 1934 1275 1974 natio.
1304 1947 1374 1973 Mihi
1389 1947 1517 1982 nauigat]

238 1983 267 2010 id
292 1984 333 2009 cst
357 1983 384 2009 111
410 1992 502 2009 meum
527 1983 659 2009 dolorem.
698 1983 884 2017 Iyrrhenumj
910 1992 927 2009 a
951 1983 1093 2016 Tyrrheno
1118 1983 1252 2017 quodam,
1279 1983 1327 2016 qui
1351 1991 1517 2009 summersus

239 2020 299 2045 crat
318 2019 345 2045 in
366 2019 435 2044 mari
455 2019 529 2052 quod
545 2019 674 2045 Tusciam
694 2019 787 2051 alluit,
807 2019 884 2045 cuius
904 2019 976 2045 filius
992 2019 1096 2045 Tuscus
1115 2019 1181 2052 fuit,
1201 2027 1217 2045 a
1232 2027 1286 2052 quo
1302 2018 1409 2044 Tuscia.
1439 2017 1518 2044 Sorte

239 2054 330 2087 (forte)
351 2057 444 2080 autem
469 2054 582 2080 recessit
601 2055 759 2088 Tyrrhenus
779 2063 795 2080 a.
814 2055 899 2081 fratre
927 2063 976 2081 suo
1002 2055 1090 2088 Lydo.
1114 2062 1248 2088 quaerens
1272 2053 1391 2080 alienam
1415 2054 1517 2080 teriam

238 2090 345 2116 (limisit
369 2099 446 2116 suam
472 2098 644 2124 regnumque
668 2090 754 2116 fratri.
797 2090 843 2116 sed
870 2090 1015 2124 praeuenit
1038 2089 1191 2117 submersio
1218 2089 1307 2122 illius,
1337 2089 1426 2116 euasit
1452 2098 1517 2115 uero

238 2126 311 2152 filius
331 2125 402 2157 eius,
428 2126 567 2152 habitauit
585 2125 613 2151 in
633 2125 742 2153 Tuscia.
766 2126 792 2151 P
809 2127 818 2160 ΙΙ
844 2129 875 2151 16
895 2135 1051 2151 'rynuusssvn
1072 2125 1233 2159 tyrrhenum
1254 2133 1328 2151 mare
1348 2125 1452 2150 dictum
1477 2126 1519 2150 est

238 2161 284 2188 uel
309 2161 383 2194 quod
407 2161 524 2187 tusciam
549 2161 638 2188 adluit
661 2161 689 2187 id
715 2163 756 2187 est
780 2160 959 2195 tyrrheniam.
999 2161 1144 2195 tyrrhenus
1168 2161 1241 2187 enim
1261 2181 1266 2186 .
1287 2181 1292 2186 .
1314 2182 1319 2187 .
1340 2168 1410 2193 quae
1430 2160 1465 2186 ab
1486 2168 1517 2185 00

239 2205 339 2223 nomen
359 2197 474 2237 accepit.
514 2197 557 2222 uel
578 2198 652 2223 certe
673 2205 689 2223 a
708 2197 847 2231 tyrrhenis
868 2197 891 2223 C
912 2198 921 2230 ΙΙ
945 2197 1103 2230 Tyrrhenus
1124 2217 1129 2223 .
1150 2216 1155 2223 .
1177 2216 1181 2221 .
1202 2204 1286 2229 accep
1289 2195 1310 2221 it
1328 2196 1405 2221 habet
1424 2204 1518 2228 marqo

240 2233 400 2266 eaeemplaris
420 2232 587 2258 Basiletnsis
606 2233 734 2259 Danielis·
753 2242 837 2259 manu
855 2233 959 2265 scripta
978 2233 986 2265 ΙΙ
1008 2236 1037 2258 17
1059 2232 1101 2258 1116
1119 2230 1216 2266 populi
1235 2231 1337 2257 Daniel
1355 2231 1364 2264 ΙΙ
1383 2234 1414 2256 21
1436 2239 1516 2257 111161

240 2272 316 2294 retur
331 2268 447 2294 Daniel:
466 2267 631 2294 bacmentur
652 2268 674 2294 (J
701 2277 759 2294 nac
755 2269 834 2294 irent
855 2268 1034 2294 (onzmelinus
1061 2267 1262 2293 baccharentur
1281 2266 1354 2292 lion
1372 2267 1381 2300 ΙΙ
1400 2269 1432 2292 23
1453 2275 1516 2292 avo-

241 2303 295 2330 cati
318 2303 486 2329 Munckmus
505 2304 541 2329 ad
562 2303 634 2337 qu.
649 2304 705 2335 fab.
721 2307 785 2329 ‘2742
806 2304 935 2329 aduocati
956 2303 978 2329 C
996 2306 1018 2329 et
1039 2302 1141 2329 Daniel
1155 2302 1163 2336 ΙΙ
1178 2304 1211 2328 24
1231 2301 1373 2328 novissimi
1393 2302 1496 2328 Daniel
1510 2309 1518 2335 ,Ι

241 2342 274 2365 26
295 2348 357 2365 cum
376 2338 547 2373 Tyrrhenus]
571 2340 598 2365 ct
617 2339 774 2372 Tyrrhenus
796 2339 898 2365 Daniel
