1690 2611
532 137 646 165 COMM.
665 136 705 162 IN
724 136 831 163 VERG.
852 135 934 162 AEN.
955 135 987 162 V.
1008 138 1157 162 {vm-556.
1419 133 1482 164 633

293 220 367 252 545.
404 228 554 252 NONDVM
582 227 784 251 CERTAMINE
815 226 916 249 M1sso
951 217 988 248 de
1022 217 1162 258 peractis
1195 217 1340 258 loquitur
1373 216 1484 247 rebus:

205 274 287 305 unde
313 273 424 305 debuit
447 273 550 304 dicere
571 271 722 303 ‘vocavit’
748 274 780 303 et
804 271 900 302 ‘fatus
921 270 992 302 est'.
1030 281 1107 312 ergo
1128 272 1184 302 aut
1203 272 1331 310 tempus
1352 271 1402 301 est
1425 280 1483 310 pro

205 331 364 368 tempore:
397 329 453 358 aut
482 327 527 357 sie
556 325 668 366 refert,
701 327 735 356 ut
759 325 905 356 videatur
932 335 998 355 non
1026 324 1063 355 de
1093 324 1266 364 praeterito
1295 323 1397 364 loqui,
1429 322 1483 353 sed

205 383 313 412 aetum
336 380 505 422 praeteriti
529 379 686 420 temporis
711 389 830 420 ponere
855 380 887 409 et
910 377 1038 409 referre.
1090 420 1091 423 Ἰ

294 434 367 466 546.
405 441 592 465 cvs'roDEM
611 442 658 464 AD
684 441 771 464 SESE·
791 431 964 463 secundum
985 431 1129 462 Tullium
1153 431 1208 472 qui
1233 431 1311 462 dicit
1335 430 1374 461 ad
1400 430 1482 461 mili·
1503 438 1518 460 5

205 488 286 519 tiam
311 487 460 518 euntibus
486 486 556 518 dari
581 486 694 517 solitos
724 496 793 517 esse
824 485 986 524 custodes,
1014 495 1035 515 a
1059 484 1175 525 quibus
1200 485 1304 525 primo
1329 495 1411 515 anno
1436 495 1483 515 re-

205 543 338 582 gantur:
364 540 447 571 unde
472 541 518 571 ait
541 540 579 571 de
604 539 751 571 Pallante
776 538 877 579 <VIII
900 538 985 578 515>
1010 538 1079 569 sub
1104 540 1141 569 te
1165 537 1338 569 tolerare
1365 538 1483 578 magi-

206 596 287 625 stro
320 593 501 625 militiam
533 596 570 624 et
601 603 716 634 grave
745 592 883 624 Martis
916 603 1019 632 opus.
1110 600 1245 622 INPVBIS
1274 600 1347 622 IVLI
1377 591 1417 622 ab
1447 602 1483 622 eo

206 647 290 688 quod
320 649 369 678 est
398 646 464 678 ‘hic
493 646 618 687 pubis’:
651 657 726 677 nam
757 645 841 687 quod
873 646 919 676 ait
948 644 1122 676 Sallustius
1157 644 1321 684 puberes
1356 655 1483 675 omnes

206 699 381 731 interfici
409 700 529 740 iubet,
553 700 643 731 venit
666 700 707 731 ab
733 710 768 731 eo
794 699 878 740 quod
903 701 953 729 est
977 697 1117 739 ‘puber'.
1156 700 1189 729 et
1212 699 1288 728 sunt
1310 697 1375 728 ista
1399 709 1482 729 com·
1504 706 1536 728 10

206 753 314 784 munis
338 753 481 794 generis,
506 753 532 784 si
557 753 738 784 referantur
762 753 802 784 ad
827 752 981 794 singulos.
1020 751 1193 782 multitudo
1214 753 1323 782 autem
1349 751 1376 782 si
1400 751 1484 782 dica-

204 808 270 847 tur,
294 807 421 847 generis
446 808 575 837 tantum
599 806 747 837 feminini
772 808 835 846 est,
858 808 894 837 ut
917 805 1013 836 ‘haec
1036 804 1163 845 pubes’.

294 859 368 891 547.
406 869 520 891 FATVR
545 869 592 891 AD
615 869 733 891 AVREM
759 860 903 901 sequitur
927 861 959 889 et
985 858 1051 889 ‘dic
1076 857 1152 889 ait’:
1178 858 1261 889 unde
1287 858 1371 890 sieut
1395 861 1427 889 et
1451 858 1483 889 in

206 913 304 944 tertio
330 913 435 952 (480)
460 913 613 954 diximus,
638 925 736 944 unum
762 915 854 944 vacet
878 922 1006 943 neeesse
1031 914 1088 943 est.

293 966 366 997 552.
405 975 540 998 CAMPos
561 975 661 997 wem
686 975 768 998 ESSE
793 974 972 997 PATENTES
997 965 1139 997 discessu
1164 965 1276 1006 populi
1300 966 1391 997 iubet
1413 965 1483 996 fieri
1506 974 1536 997 15

207 1030 337 1060 campos
362 1022 519 1060 patentes.

294 1073 366 1105 553.
409 1083 588 1105 INCEDVNT
618 1083 719 1105 PVERI
755 1077 811 1105 aut
839 1075 967 1115 poetica
995 1074 1126 1105 lieentia
1155 1074 1323 1105 confundit
1351 1075 1485 1119 aetates,

206 1129 242 1158 ut
270 1126 365 1158 modo
396 1138 527 1168 pueros,
560 1128 656 1159 niodo
685 1128 816 1159 iuvenes
845 1128 943 1159 dicat:
977 1139 1052 1158 nam
1082 1127 1128 1158 ait
1153 1128 1259 1167 <563>
1290 1127 1372 1159 tuna
1400 1128 1483 1159 acies

206 1180 386 1212 iuvenum':
412 1183 467 1212 aut
492 1183 578 1212 certe
603 1181 775 1212 seeundum
800 1181 955 1222 quosdam
979 1181 1126 1222 sequenti
1151 1181 1358 1212 distinctione
1377 1181 1483 1221 <561>

206 1236 344 1275 mutata,
368 1235 542 1275 magistros
566 1246 683 1275 pueros
708 1235 799 1275 dicit,
824 1237 994 1276 sequentes
1019 1246 1093 1266 vero
1120 1235 1306 1266 maturioris
1332 1235 1458 1266 aetatis.
1501 1242 1534 1265 20

295 1288 367 1319 554.
406 1297 494 1326 QVOS
520 1296 624 1320 OMNIS
649 1297 783 1320 EVNTES
809 1299 888 1330 quos
913 1291 1024 1320 euntes
1049 1289 1154 1319 omnis
1179 1289 1275 1320 turba
1298 1288 1422 1330 fremit,
1451 1288 1482 1319 id

207 1343 258 1372 est
281 1353 352 1373 eum
376 1341 488 1373 favore
511 1342 723 1383 prosequitur.

294 1395 367 1426 556.
406 1404 518 1427 TONSA
540 1404 633 1427 OOMA
653 1394 780 1426 ‘tonsa’
804 1395 997 1436 composita:
1022 1407 1097 1426 nam
1122 1396 1250 1436 proprie
1275 1406 1384 1427 comae
1409 1398 1484 1427 sunt

207 1459 270 1479 non
296 1448 379 1480 eaesi
404 1448 523 1489 capilli.
610 1457 733 1479 PRESSA
759 1457 897 1480 CORONA
921 1448 953 1479 id
978 1451 1026 1480 est
1051 1448 1153 1490 galea.
1192 1451 1224 1479 et
1248 1460 1394 1481 sermone
1417 1449 1484 1481 Ho—

207 1501 287 1532 meri
311 1513 387 1532 usus
412 1504 474 1532 est:
498 1513 572 1532 nam
598 1501 726 1542 galeam
751 1500 921 1542 στεφάνην
946 1501 1035 1533 dixit.
1074 1504 1106 1533 et
1125 1513 1158 1533 re
1179 1513 1255 1533 vera
1274 1513 1393 1534 corona
1416 1514 1480 1534 non
1501 1511 1534 1533 25

208 1556 317 1595 potest
344 1555 507 1596 intellegi,
541 1566 611 1586 cum
641 1557 794 1596 sequatur
818 1555 925 1596 <673>
950 1555 1092 1597 ‘galeam
1122 1558 1195 1586 ante
1224 1556 1320 1597 pedes
1349 1557 1485 1598 proiecit

208 1607 358 1639 inanem'.
410 1608 465 1639 sed
499 1608 557 1639 alii
590 1608 701 1639 dieunt
734 1609 878 1649 potuisse
912 1620 966 1640 eos
1001 1608 1110 1649 galeas
1148 1609 1268 1640 habere
1304 1613 1483 1642 coronatas.

207 1660 347 1692 Baebius
372 1663 480 1692 tamen
504 1661 612 1693 Macer
636 1661 727 1702 dicit,
752 1673 770 1692 a
795 1661 931 1693 Caesare
954 1663 1102 1703 Augusto
1128 1664 1236 1703 pueris
1262 1664 1317 1704 qui
1340 1664 1484 1695 luserant

208 1714 351 1755 Troiam,
381 1715 515 1746 donatas
547 1725 616 1746 esse
645 1715 755 1756 galeas
785 1718 817 1746 et
845 1715 922 1747 bina
946 1716 1092 1747 hastilia:
1124 1717 1163 1748 ad
1192 1717 1275 1758 quod
1300 1717 1483 1759 Vergilium

208 1770 337 1813 constat
361 1768 519 1800 adludere.
1504 1779 1538 1801 30

279 1859 294 1882 9
315 1855 473 1890 Sallustius]
495 1856 528 1882 cf.
549 1857 607 1890 lug.
628 1859 670 1889 54,
690 1860 705 1882 6
725 1857 754 1882 et·
773 1859 814 1889 26,
835 1860 850 1882 3
878 1857 887 1890 ΙΙ
915 1860 948 1883 23
969 1866 1031 1883 nam
1052 1858 1163 1892 proprie
1183 1880 1188 1884 .
1211 1880 1215 1884 .
1237 1881 1241 1885 .
1263 1858 1370 1893 capilli]
1398 1868 1483 1886 exser.

209 1891 271 1917 isid.
292 1900 329 1919 or.
350 1892 387 1918 xi
409 1896 430 1921 1,
453 1895 486 1917 30
505 1892 514 1925 n
535 1894 569 1918 ‘24
588 1891 714 1926 Homeri]
735 1892 766 1918 11.
787 1892 838 1918 VH
860 1896 891 1918 12

279 1975 294 1998 2
314 1972 378 1998 inde
398 1971 428 1998 F
439 1973 448 2006 11
462 1975 477 1997 3
493 1971 578 1998 refert
592 1972 634 1997 F:
652 1972 770 1998 refertur
784 1971 816 1998 N
819 1972 925 1999 LHM
937 1974 947 2007 ΙΙ
961 1977 977 1999 4
989 1974 1145 2008 praeteriti]
1165 1975 1318 2008 praesentis
1335 1976 1371 2001 M
1383 1977 1392 2009 ΙΙ
1406 1979 1421 2001 9
1438 1976 1483 2002 hie

209 2016 258 2035 om.
278 2008 304 2033 L
317 2009 326 2041 ΙΙ
340 2008 421 2042 pubis
441 2008 512 2034 libri.
546 2008 633 2040 pubes
652 2008 752 2034 malim.
780 2008 813 2040 cf.
831 2008 939 2035 Probus
959 2010 1027 2035 cath.
1044 2018 1073 2043 p.
1091 2014 1132 2042 19,
1148 2013 1181 2036 30
1196 2011 1233 2036 K.
1253 2011 1329 2037 Neue
1345 2011 1481 2037 Formenl.

209 2043 247 2069 11²
264 2052 291 2076 p.
307 2045 363 2077 4011
383 2051 478 2069 amnes
499 2042 529 2068 F
544 2044 553 2077 ss
574 2046 605 2069 10
625 2043 752 2069 interfeci
772 2043 797 2069 L
811 2045 820 2077 ΙΙ
843 2047 873 2070 11
894 2044 1046 2071 refer-emur
1065 2045 1094 2071 F
1106 2047 1115 2080 {1
1133 2045 1241 2079 singulo
1262 2046 1312 2080 Fu
1331 2047 1481 2072 multitudo

210 2080 302 2105 autem
322 2087 370 2105 om.
392 2079 424 2105 H
439 2080 448 2112 ΙΙ
471 2082 501 2104 12
522 2078 636 2104 seminia
655 2078 705 2112 Fll
724 2081 766 2105 est
785 2087 833 2105 om.
854 2080 887 2105 H
903 2081 912 2113 ΙΙ
931 2080 1011 2113 pubis
1031 2081 1060 2106 F
1076 2082 1085 2114 ΙΙ
1109 2084 1141 2107 13
1162 2082 1205 2107 die
1226 2081 1277 2116 ait]
1298 2082 1374 2108 dieat
1393 2082 1476 2115 FHJ

212 2118 243 2140 19
265 2114 410 2149 ᾳυοεᾶωῃ]
431 2123 499 2147 quos
519 2114 589 2140 dixit
608 2114 637 2140 F
649 2116 658 2148 ΙΙ
672 2114 878 2141 distinctionem
893 2116 918 2140 L
932 2117 941 2150 ΙΙ
956 2119 989 2142 20
1009 2116 1110 2143 dicitur
1124 2117 1189 2143 NH
1202 2118 1211 2151 ΙΙ
1226 2118 1366 2151 sequentis
1382 2118 1410 2143 F
1434 2126 1481 2151 pa-

209 2152 301 2176 rentes
321 2151 389 2177 coni.
410 2149 573 2176 Ribbeckius
592 2150 655 2175 adn.
676 2150 735 2176 erit.
755 2151 792 2176 ad
810 2151 834 2176 h..
850 2159 873 2177 v,
888 2152 897 2184 ΙΙ
918 2154 951 2177 <25
972 2151 1098 2178 stefanen
1117 2152 1187 2178 FM
1214 2153 1351 2179 istefanen
1371 2153 1402 2178 N
1428 2154 1481 2179 ste-

209 2185 321 2219 phanen
340 2185 366 2211 L
395 2185 532 2211 stefanam
551 2185 585 2211 H
600 2185 748 2217 (stefanom
767 2186 794 2218 h)
814 2185 956 2219 στέφανον
976 2188 1054 2221 vulgae
1078 2189 1087 2221 ΙΙ
1109 2197 1164 2214 non
1183 2190 1277 2222 potest
1295 2188 1420 2222 intellegi
1441 2188 1482 2214 F:

209 2221 337 2255 intellegi
355 2229 405 2247 om.
416 2221 517 2246 NLH
533 2221 603 2254 (esse
623 2221 654 2246 in
672 2229 756 2254 marg.
772 2222 860 2254 suppl.
877 2223 903 2254 Ῐι)
922 2222 978 2248 dici
998 2231 1052 2249 non
1071 2225 1163 2257 potest
1180 2225 1216 2250 M
1228 2226 1236 2257 ΙΙ
1251 2227 1282 2249 27
1304 2224 1349 2249 sed
1370 2232 1419 2250 om.
1430 2223 1482 2257 ΝΗ

209 2257 346 2291 potuisse]
367 2258 386 2283 t.
406 2256 500 2290 potius
518 2264 649 2290 superser.
670 2257 679 2282 l
697 2258 706 2290 fl
729 2257 886 2292 coronatas]
907 2259 944 2284 al.
965 2261 1077 2285 ornatas
1096 2260 1127 2285 in
1145 2268 1229 2293 marg).
1249 2269 1267 2285 η
1291 2260 1299 2292 ΙΙ
1323 2263 1355 2285 28
1376 2259 1480 2293 Macer]

209 2293 302 2319 inacer
321 2292 355 2319 F.
385 2293 418 2325 cf.
439 2293 476 2318 ad
495 2292 552 2319 buc.
569 2292 607 2318 IX
622 2295 663 2318 47.
693 2293 807 2324 fortasse
825 2293 857 2319 de
873 2294 985 2325 Macro,
1006 2294 1099 2321 Ovidii
1117 2296 1216 2326 amiw,
1236 2296 1417 2328 coyz'tandmn.
1447 2296 1481 2327 cs.

214 2327 313 2361 Teuffel
332 2328 422 2354 Roem.
444 2328 512 2354 Litt.
533 2327 624 2354 Gesch.
644 2330 704 2361 ⁶236,
724 2331 739 2354 3
754 2329 763 2361 ΙΙ
781 2328 851 2354 dixit
869 2329 902 2355 N
905 2329 969 2355 LH
983 2330 993 2363 ll
1011 2330 1137 2357 luserunt
1155 2331 1185 2356 F
1201 2332 1210 2363 ΙΙ
1228 2333 1261 2356 29
1282 2330 1408 2364 uirgilius
1427 2330 1458 2356 F
1473 2331 1482 2365 Η

211 2366 245 2389 30
263 2365 371 2390 constet
389 2364 459 2390 coni.
479 2363 612 2390 Heinsius
