1690 2611
716 131 933 158 PRAEFATIO.
1334 134 1459 161 LXXXV

181 217 382 249 scholiastes.
424 216 508 259 quod
533 227 605 248 cum
628 216 675 247 ita
704 215 747 246 sit
771 214 904 255 dignam
932 216 1011 255 puto
1037 226 1105 246 esse
1129 215 1211 247 hanc
1240 216 1358 248 codicis
1387 229 1459 258 par-

179 273 246 302 tem
271 281 353 312 quae
377 270 565 312 diligentius
589 269 784 301 excutiatur:
809 268 894 309 quod
912 269 1080 309 negotium
1095 269 1191 300 facile
1206 271 1313 311 patiar
1333 271 1372 302 ab
1395 271 1458 303 alio

181 324 341 365 occupari.
382 324 520 365 denique
544 333 760 355 commemoro
790 321 844 353 fol.
873 320 949 353 162b
972 322 1206 363 praefationem
1231 323 1382 356 Aeneidis
1408 336 1458 356 ex-

179 379 249 409 tare
273 377 379 409 medio
405 388 484 409 aevo
509 377 723 419 compositam
732 375 769 418 ¹),
794 375 883 407 cuius
909 375 1091 416 exemplum
1120 376 1152 407 in
1177 376 1357 409 Turonensi
1383 390 1459 420 quo-

180 442 241 472 que
266 431 373 463 codice
397 431 520 471 inveni,
548 430 603 462 sed
627 430 659 461 id
683 430 717 460 in
740 429 870 461 brevius
895 430 1103 461 contractum.

269 484 357 522 Quae
381 485 465 516 ratio
490 484 575 516 inter
606 483 730 515 codices
763 494 781 514 a
812 493 863 514 me
894 483 1041 515 conlatos
1073 483 1252 515 intercedat
1282 487 1318 516 ut
1348 487 1458 526 paucis

179 549 352 579 exponam,
376 538 403 569 is
428 538 483 579 qui
515 537 696 579 pleniorem
726 537 995 568 commentarium
1025 537 1208 577 composuit
1237 537 1393 570 Sei-viana
1421 551 1458 570 ex

178 592 322 633 perbono
347 591 522 633 exemplari
545 591 675 633 petivit,
700 602 763 632 qua
788 601 822 621 re
846 590 968 621 factum
994 592 1043 621 est
1062 592 1098 621 ut
1118 590 1283 622 Danielini
1307 591 1382 623 libri
1398 594 1459 624 etsi

177 645 312 687 vulgata
336 644 459 676 scholia
482 644 575 676 valde
600 644 761 676 inmutata
786 643 975 682 exhibeant,
1000 644 1086 678 hand
1110 644 1222 685 paucis
1247 647 1356 676 tamen
1380 646 1457 678 locis

177 698 209 729 id
225 698 309 740 quod
325 697 426 730 Servii
443 709 512 730 esse
528 698 654 729 videtur
669 698 730 729 soli
751 697 932 729 ostendant.
971 697 1023 739 (cf.
1047 709 1076 739 p.
1093 697 1229 738 LXVII)
1249 698 1333 730 inter
1348 700 1458 741 vulga-

176 753 227 783 tos
252 751 376 783 codices
396 751 570 783 Bel-nensis
595 752 660 783 363
689 754 721 783 et
745 751 976 792 Frisingensis,
1001 751 1117 793 quibus
1142 751 1320 792 Lipsiensis
1346 755 1377 784 et
1401 753 1458 785 Te-

177 805 382 846 gernseensis
408 808 605 838 correctores
630 805 724 846 addo,
755 817 773 836 a
797 805 929 846 reliquis
952 816 1046 846 saepe
1071 805 1281 837 dissentiunt:
1314 807 1458 847 pertinet

176 860 287 890 tamen
311 869 349 890 ea
373 859 532 891 dissensio
557 860 597 891 ad
616 859 714 891 verba
734 859 839 899 magis
869 870 965 900 quam
991 858 1030 889 ad
1054 858 1120 897 res}
1148 859 1199 890 vel
1230 861 1266 891 ut
1290 860 1384 891 aliter
1413 861 1457 892 di-

177 922 261 953 cam,
294 913 425 944 eaedem
455 924 506 945 res
536 925 600 945 non
632 913 753 944 eisdem
784 913 817 943 in
848 914 985 953 utroque
1017 912 1174 944 librorum
1207 923 1322 954 genere
1350 915 1457 946 verbis

173 965 341 1006 expositae
366 969 449 998 sunt.
487 967 588 999 veluti
608 978 637 1008 p.
655 967 705 1007 13,
720 966 762 998 28
787 966 946 997 collocata
971 968 1020 997 est
1036 965 1119 997 ΒΜ
1139 969 1188 998 est
1213 967 1320 1007 posita
1334 968 1457 1009 KLH3

248 1074 273 1106 1)
292 1073 362 1099 haec
387 1074 429 1099 est
449 1081 481 1099 ea
500 1072 651 1107 praefatio:
684 1072 726 1098 ‘In
746 1071 917 1106 exponendis
941 1072 1019 1098 libris
1039 1072 1189 1099 autenticis
1209 1073 1287 1100 .VH.
1308 1074 1456 1108 periochae

174 1116 204 1142 id
233 1117 274 1143 est
302 1116 528 1144 circumstantiae
553 1118 617 1143 sunt
641 1116 823 1150 requirendae
851 1125 922 1150 quae
950 1118 982 1143 ut
1006 1125 1107 1151 graeco
1133 1118 1246 1144 utamur
1270 1118 1381 1152 eloquio
1402 1113 1421 1145 Ξ
1439 1114 1456 1145 ,ζ’

175 1157 234 1190 (leq.
255 1157 363 1191 septem
384 1159 457 1191 sunt)
478 1167 527 1184 τις.
549 1168 584 1184 ·r1.
606 1167 688 1183 ΔῐΑτῐ.
709 1167 769 1183 noc.
793 1167 853 1182 nor.
873 1166 955 1183 noun.
975 1166 1072 1183 nxrmi.
1094 1158 1125 1183 ut
1140 1157 1209 1184 haec
1225 1158 1286 1192 ipsa
1302 1167 1347 1185 ore
1368 1159 1456 1186 latino

174 1197 354 1224 absoluamus
375 1198 442 1232 quis.
464 1198 538 1232 quid.
560 1207 614 1224 cur.
643 1197 791 1231 quomodo.
812 1197 867 1223 ubi.
889 1197 1008 1230 quando.
1029 1197 1109 1224 unde.
1144 1198 1217 1232 Ergo
1237 1199 1272 1225 ad
1292 1199 1362 1225 illud
1383 1201 1456 1234 quod

175 1238 372 1272 interrogatur.
392 1249 443 1266 ric.
464 1239 493 1264 id
512 1239 555 1265 est
574 1238 636 1273 quis
656 1237 848 1272 respondetur.
883 1245 1011 1271 prosopa.
1032 1238 1061 1263 id
1081 1239 1123 1264 est
1138 1246 1256 1272 persona
1275 1241 1405 1268 auctoris.
1427 1243 1455 1267 ut

179 1277 241 1311 quis
261 1277 394 1312 scripsit?
414 1278 555 1313 Virgilius.
589 1278 724 1305 uidelicet
743 1277 849 1311 uirgilii
874 1279 902 1303 et
921 1276 1011 1303 maiae
1031 1277 1113 1303 filius.
1134 1278 1224 1305 dictus
1243 1288 1260 1305 a
1279 1280 1390 1314 uirgula
1408 1290 1455 1315 po-

176 1318 243 1352 puli.
264 1327 335 1352 quae
356 1319 429 1345 sicut
447 1319 476 1345 in
495 1319 554 1345 uita
574 1318 633 1345 eius
653 1319 763 1353 legitur.
795 1326 857 1344 cum
882 1326 914 1344 eo
938 1319 1004 1344 nato
1029 1317 1058 1344 in
1082 1318 1144 1344 loco
1170 1320 1312 1354 puerperii
1336 1320 1394 1347 eius
1415 1330 1456 1347 se-

174 1358 294 1384 cundum
313 1367 418 1385 morem
439 1359 602 1393 prouinciae
623 1359 742 1393 depacta
760 1358 866 1384 fuisset.
901 1357 980 1384 breui
995 1358 1035 1384 ita
1050 1359 1201 1385 conualuit.
1236 1361 1268 1386 ut
1287 1361 1375 1386 multo
1391 1363 1455 1387 ante

174 1398 250 1424 satas
269 1399 389 1432 populos
409 1408 494 1433 quam
514 1399 658 1425 celerrime
678 1408 710 1425 ex
731 1398 879 1425 crescendo
900 1398 1107 1432 adaequauerit.
1147 1398 1246 1425 Cetera
1265 1399 1299 1426 (le
1319 1399 1379 1426 uita
1395 1400 1453 1427 eius

173 1446 243 1470 quae
254 1439 307 1465 hoc
322 1439 384 1465 loco
405 1439 522 1465 dicenda
541 1441 613 1465 sunt.
648 1439 713 1472 quia
732 1439 760 1465 in
780 1439 937 1473 expositore
953 1438 1011 1464 eius
1028 1438 1117 1464 seruio
1138 1438 1275 1473 leguntur.
1311 1442 1338 1466 et
1358 1440 1385 1466 in
1406 1442 1454 1467 bu-

173 1477 268 1504 colicis
287 1478 427 1505 succincte
454 1479 510 1505 iarn
534 1479 692 1512 praelibata
718 1481 789 1505 sunt.
824 1479 889 1512 quia
912 1479 1062 1513 plurimum
1087 1479 1192 1505 habent
1220 1479 1399 1507 uerbositatis
1427 1484 1455 1508 et

172 1525 271 1551 parum
299 1518 432 1544 utilitatis
460 1519 717 1552 praetermittimus.
753 1519 881 1545 Secunda
906 1519 1039 1553 periocha
1065 1522 1108 1545 est
1133 1529 1166 1545 T1.
1206 1519 1234 1545 id
1258 1522 1300 1546 est
1326 1521 1391 1554 quid
1419 1522 1453 1547 ad

172 1565 255 1590 quam
275 1558 524 1592 interrogationem
544 1559 669 1585 redditur
690 1568 767 1585 εκτιΑ
786 1559 815 1585 id
836 1561 877 1585 est
895 1567 939 1585 res
955 1567 1025 1592 quae
1041 1558 1125 1585 titulo
1145 1559 1232 1593 ipsius
1253 1561 1342 1594 operis
1362 1561 1453 1588 decla-

171 1598 257 1623 ratur.
278 1597 396 1632 Scripsit
415 1598 489 1625 enim
509 1599 595 1625 libros
616 1599 743 1626 aeneidu.
777 1599 822 1633 qui
843 1599 942 1625 titulus
959 1607 975 1625 a.
990 1599 1124 1625 feminino
1140 1599 1334 1633 patronomico
1353 1601 1453 1627 forina-

171 1638 224 1663 tur.
257 1638 293 1664 ab
313 1646 400 1664 aenea
420 1639 492 1665 enim
511 1639 676 1665 femininum
695 1639 924 1673 pati-onomicum
950 1641 1000 1666 est.
1035 1639 1110 1665 eneis
1135 1639 1206 1666 sicut
1232 1649 1249 1666 a
1272 1641 1368 1667 theseo
1393 1641 1453 1667 the-

172 1676 234 1703 seis.
268 1677 333 1704 inde
361 1677 427 1704 libri
455 1679 584 1705 eneidum
614 1688 669 1705 non
698 1681 730 1705 ut
758 1679 827 1705 salso
857 1679 971 1713 quidam
996 1679 1105 1705 codices
1129 1679 1235 1706 habent
1263 1680 1452 1708 aeneidorum.

173 1717 269 1743 Tertia
286 1717 419 1751 periocha
439 1720 481 1745 est
501 1728 583 1745 amn.
622 1719 651 1745 id
671 1720 714 1745 est
733 1728 788 1745 cur.
809 1719 1012 1753 respondetur.
1029 1721 1056 1745 et
1072 1740 1077 1745 .
1093 1727 1210 1754 pragma
1231 1741 1235 1746 .
1258 1720 1287 1746 id
1308 1723 1350 1747 est
1369 1730 1452 1748 causa

172 1765 256 1790 quare
277 1757 426 1791 scripserit.
456 1759 522 1792 quia
540 1759 675 1785 uidelicet
694 1759 807 1786 laudare
831 1759 946 1786 uolebat
972 1760 1131 1793 augustum.
1165 1760 1242 1786 cuius
1263 1761 1351 1787 multa
1370 1761 1452 1788 bene-

172 1795 235 1822 ficia
253 1795 346 1824 fuerat
369 1800 541 1826 consecutus.
575 1799 731 1826 describere
756 1799 841 1826 etiam
865 1800 945 1833 gesta
968 1807 1155 1825 romanorum.
1189 1809 1254 1826 nam
1279 1801 1366 1834 siquis
1390 1802 1452 1828 dili-

172 1837 270 1869 genter
288 1836 428 1871 inspiciat.
464 1847 559 1866 omnes
583 1847 654 1873 pene
679 1847 807 1865 romanas
831 1839 971 1867 historias.
1006 1839 1035 1866 in
1058 1840 1111 1866 hoc
1132 1849 1214 1874 opere
1239 1841 1306 1867 licet
1328 1842 1452 1868 breviter

173 1878 404 1904 commemoratas
415 1878 546 1905 inueniet.
567 1879 687 1906 maxime
698 1879 726 1905 in
742 1879 813 1905 libro
825 1879 900 1906 .VII.
918 1880 976 1913 (sic)
988 1879 1087 1906 inferni
1100 1880 1165 1906 etin
1182 1880 1346 1915 aspidiopia.
1368 1883 1395 1908 id
1412 1884 1452 1909 est

172 1915 201 1941 in
221 1915 293 1941 scuti
312 1916 428 1944 factura.
466 1919 544 1946 Vnde
565 1919 640 1954 apud
663 1919 794 1953 antiquos
814 1921 894 1954 gesta
912 1920 1010 1954 populi
1034 1920 1142 1946 romani
1166 1921 1219 1947 iste
1241 1921 1310 1948 liber
1334 1923 1451 1949 uocaba-

172 1956 225 1981 tur.
259 1955 363 1987 Quarta
381 1957 515 1991 periocha
534 1960 577 1985 est
595 1969 654 1986 noc.
674 1959 703 1985 id
728 1962 769 1986 est
793 1960 950 1994 quomodo?
977 1961 1012 1986 ad
1036 1961 1110 1994 quod
1134 1961 1261 1987 redditur
1284 1963 1388 1996 tropus.
1423 1963 1452 1989 id

172 1996 216 2021 est
234 1996 339 2023 modus.
377 1996 455 2023 Modi
474 2000 567 2025 autem
587 1999 760 2026 locutionum
784 2002 840 2027 tres
867 2002 938 2027 sunt.
972 2000 1088 2026 humilis
1118 2002 1267 2028 mediocris
1295 2003 1322 2028 et
1341 2003 1452 2037 grandi-

172 2035 278 2069 loquus.
309 2044 377 2069 quos
396 2037 523 2071 uirgilius
543 2038 572 2064 in
592 2048 640 2066 suo
661 2047 744 2073 opere
764 2040 862 2066 tenuit.
893 2040 1028 2067 humilem
1052 2041 1081 2067 in
1109 2041 1252 2068 bucolicis.
1283 2043 1451 2070 mediocrem

171 2075 200 2101 in
220 2076 366 2110 georgicis.
396 2077 611 2111 grandiloquum
637 2078 666 2105 in
690 2079 821 2107 aeneidis.
863 2080 968 2112 Quinta
986 2081 1118 2114 periocha
1143 2083 1186 2108 est
1206 2092 1265 2108 nor.
1294 2082 1322 2107 id
1343 2084 1385 2109 est
1404 2083 1451 2109 ubi

171 2115 356 2149 respondetur
374 2116 456 2150 topos
474 2117 520 2143 uel
539 2117 623 2144 locus.
656 2120 688 2145 ut
706 2119 755 2145 nbi
775 2120 904 2154 scripsit?
925 2121 1027 2154 partim
1044 2129 1190 2148 cremonae
1206 2122 1309 2156 partim
1329 2123 1449 2156 neapoli.

171 2155 276 2189 partim
294 2163 379 2182 rome.
419 2156 503 2183 Sexta
522 2157 655 2191 periocha
674 2160 716 2185 est
735 2167 815 2193 pope.
844 2161 872 2187 id
892 2162 933 2187 est
948 2160 1068 2194 quando.
1098 2162 1134 2187 ad
1149 2170 1233 2195 quam
1252 2162 1450 2196 interrogatio<

171 2204 235 2222 nem
259 2197 441 2230 respondetur
465 2197 591 2225 chronos.
620 2197 648 2224 id
673 2201 716 2226 est
740 2202 856 2234 tempus.
896 2201 960 2227 Fuit
985 2202 1080 2227 autem
1105 2202 1158 2227 iste
1183 2203 1309 2236 tempore
1337 2203 1450 2236 augusti

172 2235 321 2263 oetauiani.
351 2236 486 2273 sub-ipsa
509 2239 636 2271 tempora
664 2239 819 2266 dominicae
842 2240 1050 2267 incarnationis.
1093 2241 1220 2276 Septima
1243 2242 1377 2276 periocha
1400 2244 1450 2269 est.
1495 2235 1503 2244 ⁰

171 2277 263 2310 paten.
293 2276 322 2302 id
343 2278 385 2303 est
404 2277 484 2303 unde.
514 2277 550 2303 ad
565 2278 639 2311 quod
653 2279 843 2313 respondetur.
864 2281 917 2314 yle.
932 2281 961 2307 id
976 2282 1019 2308 est
1032 2281 1171 2308 materies.
1201 2283 1233 2308 ut
1242 2282 1314 2308 unde
1330 2281 1448 2316 scripsit.

170 2316 214 2382 {ish
225 2315 486 2383 ‹Zixcpigfiffiigliycllplicet
504 2318 592 2344 troiae
612 2319 641 2344 et
659 2319 693 2346 de
714 2320 856 2346 erroribus
877 2328 980 2347 aeneae
1000 2329 1068 2355 quos
1087 2330 1185 2355 passus
1206 2323 1248 2348 est
1267 2321 1352 2347 donec
1372 2322 1448 2348 ueni-
