1690 2611
169 690 202 713 10

224 119 267 150 26
802 123 921 150 SERVII

225 202 346 242 equis,
371 202 449 233 item
470 205 506 234 et
525 203 660 245 virgea
684 204 813 236 laetus
837 206 993 246 pabula,
1017 206 1048 237 id
1069 208 1118 238 est
1137 207 1288 249 festinus,
1312 219 1383 240 cum
1403 209 1504 241 inten-

223 255 324 295 tione3
357 254 408 285 vel
437 266 470 286 re
499 266 574 287 vera
602 256 693 298 laeti,
723 269 915 300 quamquam
939 259 1150 301 incongruum
1176 260 1219 292 sit
1241 263 1316 302 post
1340 261 1503 294 Anchisae

224 309 370 339 mortem.
417 309 471 340 sed
496 311 528 340 et
555 310 705 342 interitus
735 322 847 342 senum
876 312 981 344 minus
1011 313 1151 354 doletur,
1180 315 1212 345 et
1239 313 1358 356 ‘magis
1383 315 1503 348 laetos'

224 361 480 403 intellegendum
509 365 571 404 est,
600 365 636 395 ut
665 364 707 396 sit
736 376 832 396 causa
860 366 963 396 maior
992 366 1183 398 iracundiae.
1231 367 1276 399 sic
1305 369 1390 400 enim
1415 371 1447 400 et
1470 369 1504 400 in

223 415 360 455 septimo
390 415 470 447 Iuno
498 416 661 457 irascitur,
694 417 749 448 ubi
783 418 927 449 laetum
956 419 1110 450 Aenean
1141 418 1270 452 Siculo
1298 422 1504 463 prospexit

223 468 268 499 ab
292 480 410 510 usque
430 469 619 510 Pachyno.
658 471 703 502 rel
727 470 829 502 ‘laeli'
854 469 1039 513 πρόθυμοι,
1063 476 1098 504 ut
1120 475 1309 514 omnisque
1331 475 1504 508 iuventus

223 522 329 553 laeta.
426 532 519 555 SALIS
543 525 642 555 maris
667 525 841 556 secundum
866 526 1052 558 Homerum.
1099 527 1200 558 salem
1224 530 1332 559 autem
1357 539 1419 569 quo
1443 529 1504 560 uti·

222 586 293 606 mur
318 576 476 617 singulari
501 589 635 609 numero
660 580 787 610 tantum
811 579 960 621 dicimus3
986 591 1057 611 cum
1081 581 1169 612 iocos
1191 581 1410 622 significamus
1435 582 1504 623 plu—

221 629 322 660 ralem
350 631 478 661 tantum
503 632 651 671 ponimus
681 643 863 672 numerum,
895 635 931 665 ut
954 633 1101 665 Lucanus
1131 645 1205 665 non
1234 635 1345 666 soliti
1374 635 1502 667 lusere

222 683 333 714 sales.
370 684 541 724 aliquando
562 687 670 716 autem
690 686 787 717 etiam
807 687 1027 718 urbanitatem
1047 698 1105 728 per
1121 688 1319 729 singularem
1334 700 1502 720 numerum

223 736 455 778 significamus,
479 740 515 769 ut
539 738 709 770 Terentius
734 740 797 780 qui
821 740 938 771 habet
962 741 1095 781 salem,
1120 741 1218 782 quod
1241 741 1279 772 in
1302 744 1339 773 te
1364 744 1436 783 est,
1468 743 1501 773 id

222 792 271 821 est
295 801 375 831 quae
399 801 449 822 res
474 791 508 822 in
531 793 563 823 te
589 794 649 833 est,
674 793 843 824 masculini
868 794 953 825 enim
977 795 1105 835 generis
1134 797 1197 836 est,
1225 806 1290 826 non
1317 797 1439 827 neutri:
1469 799 1501 827 et

221 845 337 875 neutra
360 844 497 885 triptota
522 847 608 886 sunt,
632 857 690 877 nec
715 847 755 878 ab
779 847 840 878 hoc
860 848 1042 879 accusativo
1061 849 1280 880 nominativus
1301 860 1370 881 esse
1394 852 1503 890 potest

223 896 299 928 ‘hoc
324 898 451 929 salem'.

310 951 361 982 36.
399 964 455 983 svn
469 965 594 984 merom:
612 964 672 993 pro
691 954 725 984 in
738 956 866 994 pectore.
958 963 1094 986 VVLNVS
1112 955 1150 986 de
1164 956 1342 996 praeterito
1359 956 1502 987 dolorem

221 1004 315 1045 (lixit,
339 1004 377 1035 de
401 1005 511 1036 futuro
536 1007 672 1047 metum,
697 1007 735 1037 ad
758 1008 930 1048 utrumque
956 1006 1102 1039 ‘vulnus'
1126 1008 1262 1039 rettulit.

310 1058 361 1089 37.
399 1067 491 1090 HAEC
521 1068 634 1090 SECVM
663 1060 872 1091 subaudimus
901 1061 1010 1092 locuta
1039 1062 1100 1102 est,
1131 1061 1221 1093 deest
1244 1062 1339 1093 enim.
1386 1064 1418 1094 et
1441 1063 1502 1094 hoc

221 1110 332 1142 fictum
357 1113 418 1152 est,
442 1115 479 1143 ut
499 1113 645 1153 superius
669 1113 817 1145 diximus.
854 1114 937 1145 unde
962 1114 1047 1145 enim
1070 1114 1131 1146 hoc
1156 1115 1253 1146 sciret
1276 1117 1395 1156 poeta?
1420 1117 1501 1148 bene

221 1166 328 1195 autem
360 1165 585 1207 inpatientiam
619 1167 740 1198 doloris
770 1168 911 1199 ostendit
940 1168 1137 1200 detrahendo
1172 1169 1200 1199 ei
1235 1169 1367 1210 solatia,
1400 1171 1436 1200 ut
1467 1170 1501 1201 in

223 1220 339 1259 quarto
365 1219 468 1250 solam
492 1220 615 1251 inducit
635 1221 793 1252 Didonem
819 1232 862 1252 en
886 1222 974 1262 quid
999 1222 1091 1263 ago?
1182 1224 1378 1262 nnecsrcuu]
1404 1223 1501 1263 Ὗ’([ηῖα

218 1271 418 1303 vehementior
442 1274 577 1312 adfectus
603 1277 646 1306 est
668 1275 734 1306 sine
756 1275 887 1316 conscio,
915 1278 949 1306 ut
977 1278 1009 1306 et
1035 1286 1158 1307 casum
1182 1277 1344 1308 insontis
1368 1287 1498 1308 mecum

219 1326 446 1366 indissnabar
469 1328 582 1359 (conice
604 1331 632 1359 et
652 1329 821 1359 crudelia
839 1339 957 1359 secum
978 1329 1062 1368 fata
1081 1329 1179 1369 Lyci.
1217 1340 1232 1360 e.
1250 1331 1403 1361 contrario
1422 1331 1500 1370 qui-

292 1453 304 1475 1
326 1450 354 1475 et
373 1449 483 1484 virgea]
504 1459 598 1484 georg.
620 1452 657 1477 Ill
677 1455 727 1477 320
747 1452 755 1484 [Ι
775 1454 790 1477 4
810 1451 838 1477 111
857 1451 988 1486 septimo]
1009 1454 1060 1478 288
1084 1453 1093 1484 ΙΙ
1113 1456 1127 1476 6
1148 1453 1304 1487 omnisque]
1326 1453 1357 1480 A.
1379 1453 1402 1479 Il
1421 1457 1472 1480 394
1492 1454 1500 1486 l]

219 1488 232 1510 7
255 1485 340 1510 salem
365 1487 458 1511 autem
479 1495 543 1519 0,(1.
560 1487 593 1520 s.]
620 1487 736 1521 {Sei-gii]
762 1487 870 1520 explan.
896 1487 925 1513 in
944 1487 1014 1514 Don.
1040 1497 1065 1520 p.
1086 1491 1151 1519 542,
1178 1492 1208 1514 12
1228 1489 1260 1514 K.
1286 1490 1294 1521 ΙΙ
1318 1492 1333 1514 9
1358 1489 1498 1523 Lucanus]

218 1520 243 1545 11
264 1524 314 1546 3ss8
338 1522 347 1553 ss
373 1524 401 1546 11
425 1522 582 1556 Terentius]
604 1531 664 1548 eun.
686 1523 723 1548 Ill
744 1526 766 1555 1,
790 1527 821 1548 10
844 1524 853 1555 11
877 1526 910 1548 20
930 1531 963 1548 en
983 1523 1061 1556 quid]
1083 1523 1114 1550 A.
1135 1524 1171 1549 lV
1192 1527 1243 1550 534
1262 1525 1271 1557 ΙΙ
1290 1527 1321 1550 21
1344 1525 1372 1551 et
1391 1525 1497 1559 casum]

219 1556 249 1583 Α.
272 1556 296 1581 Il
317 1560 348 1582 93
373 1558 382 1589 ΙΙ
406 1560 438 1583 22
459 1557 593 1592 crudelia]
614 1558 645 1584 Α,
667 1559 677 1583 Ι
698 1562 747 1584 221
773 1559 781 1591 ΙΙ
805 1558 929 1593 quicum]
951 1559 981 1584 A.
1003 1559 1038 1584 XI
1059 1561 1109 1585 822

292 1675 303 1697 1
325 1671 392 1698 item
413 1680 462 1699 om.
483 1673 554 1698 ΒΜ
566 1673 575 1706 ΙΙ
590 1674 666 1706 equis
687 1673 732 1700 uel
752 1673 917 1700 festinantes
937 1674 968 1699 ut
987 1675 1016 1700 et
1033 1674 1131 1707 uirgea
1149 1674 1239 1700 laetus
1259 1674 1363 1708 pabula
1382 1676 1411 1701 et
1430 1675 1498 1702 alibi

218 1708 246 1733 et
265 1707 368 1734 armari
388 1708 489 1741 pubem
513 1708 656 1741 portisque
677 1709 783 1735 moueri
802 1710 892 1735 laetus
912 1709 940 1734 in
965 1717 1043 1735 arma
1062 1709 1126 1735 iube
1150 1709 1178 1735 id
1197 1711 1240 1736 est
1258 1710 1374 1737 festinus
1395 1710 1418 1736 O
1438 1712 1446 1744 ΙΙ
1470 1712 1498 1737 et

218 1751 281 1768 cum
300 1743 344 1768 HI
363 1744 372 1775 ΙΙ
391 1744 419 1769 et
438 1752 500 1769 cum
520 1744 595 1769 omni
614 1744 768 1770 intentione
790 1745 825 1770 ss!
842 1745 851 1777 ΙΙ
871 1748 885 1770 2
906 1744 996 1770 laetus
1016 1745 1039 1770 C
1054 1746 1063 1778 ΙΙ
1083 1748 1098 1770 4
1118 1745 1150 1770 ut
1168 1744 1205 1770 sit
1224 1745 1322 1772 lunoni
1341 1746 1370 1771 1)
1384 1747 1392 1779 ΙΙ
1415 1755 1498 1773 causa

217 1786 265 1803 om.
287 1778 313 1803 B
336 1779 345 1811 ll
369 1778 457 1804 maior
483 1779 550 1804 KG.-
577 1780 690 1806 maioris
712 1780 809 1805 BLII
814 1781 849 1805 M
871 1781 880 1812 ΙΙ
903 1779 1075 1814 iracundiae]
1101 1780 1210 1806 iunonis
1233 1789 1320 1813 supra
1343 1790 1408 1808 vers.
1434 1783 1497 1808 add.

219 1813 283 1839 (7³¹7n
297 1814 306 1845 11
321 1816 336 1839 5
356 1814 474 1846 septimo
496 1815 562 1840 luno
581 1816 695 1848 301111012-
715 1815 833 1848 septimo
852 1815 923 1841 libro
943 1815 1103 1841 RKCLH
1119 1815 1238 1849 septimo
1259 1817 1295 1842 M
1313 1818 1322 1850 ΙΙ
1341 1820 1356 1843 6
1377 1817 1497 1850 pachino

218 1849 283 1874 libri
305 1850 314 1882 ΙΙ
338 1859 495 1875 τινυωιγκυι·
516 1850 539 1874 (J
560 1859 597 1875 (m
620 1849 792 1884 προθύμωςῖ
811 1852 820 1883 ΙΙ
840 1853 854 1876 7
878 1850 966 1885 lacta]
991 1851 1061 1877 libet
1084 1851 1106 1877 C
1126 1853 1135 1885 ΙΙ
1159 1851 1311 1878 Homerum
1336 1853 1384 1885 qui
1408 1853 1499 1886 inquit

218 1883 257 1913 εἰς
276 1881 330 1910 ἅλα
350 1886 416 1910 δίαν
439 1885 463 1910 Ι)
487 1885 495 1916 ΙΙ
519 1888 534 1910 8
559 1885 621 1911 ioca
640 1886 666 1911 ]1'
689 1887 697 1918 ΙΙ
721 1889 736 1911 9
761 1887 792 1911 ut
810 1886 948 1920 Lucanus]
974 1887 1123 1912 secundum
1148 1887 1279 1913 lucanum
1303 1888 1350 1920 qui
1376 1888 1416 1914 ait
1436 1889 1471 1913 Μ
1490 1889 1499 1922 Η

217 1919 293 1945 soliti
317 1928 350 1945 eat
374 1920 455 1946 solidi
477 1921 499 1946 C
520 1922 529 1953 ΙΙ
552 1921 654 1955 lusere]
680 1921 763 1947 risere
786 1922 821 1946 M
843 1922 852 1954 Η
878 1925 909 1947 11)
934 1923 1026 1947 autum
1053 1931 1102 1948 om.
1123 1923 1148 1948 J}
1157 1923 1218 1948 GM
1242 1924 1250 1956 ΙΙ
1273 1932 1323 1956 per
1343 1944 1348 1949 .
1366 1943 1371 1949 .
1388 1944 1394 1950 .
1414 1923 1496 1957 signi-

218 1955 343 1989 ficamus]
365 1955 499 1989 singulari
518 1965 632 1982 numero
653 1956 769 1982 (licinius
791 1957 813 1981 (7
833 1958 842 1990 ΙΙ
868 1960 897 1982 11
925 1958 955 1983 ut
973 1966 1022 1983 mn.
1043 1958 1069 1983 R
1096 1958 1168 1984 sicut
1188 1959 1223 1983 M
1245 1960 1254 1991 ΙΙ
1278 1959 1422 1985 Terentius
1447 1967 1495 1986 om.

217 1990 275 2015 ΚΔ
284 1991 312 2015 Il
332 1992 405 2023 (add.
426 1992 444 2023 Ι)
468 1993 477 2025 ΙΙ
500 1992 586 2025 quod]
612 1992 659 2024 qni
685 2001 757 2018 man.
777 2001 826 2019 rec.
848 1993 878 2017 in
899 1992 922 2016 (Υ
942 1993 950 2025 Η
976 1997 1006 2018 12
1032 1994 1071 2027 ct]
1097 2002 1160 2019 nam
1183 1994 1206 2019 0
1226 1995 1234 2027 Η
1259 1997 1291 2019 13
1315 2003 1366 2020 nec
1390 1994 1425 2020 ob
1445 1994 1496 2020 hoc

217 2026 252 2052 ab
273 2027 432 2053 accusatino
460 2027 648 2053 nominatiuus
674 2036 732 2053 csse
756 2029 850 2061 potest
874 2028 960 2053 saleni
988 2029 1011 2053 R
1035 2030 1043 2062 Η
1070 2033 1099 2054 14
1120 2029 1218 2063 salom]
1245 2039 1310 2055 mnu-2
1331 2039 1449 2055 nvi-:mur
1468 2029 1496 2055 id

217 2062 260 2087 est
278 2062 429 2088 mouebant
448 2063 583 2088 eruebant
603 2063 758 2090 uon-ebant.
798 2064 868 2089 Nam
894 2063 939 2089 1110
963 2064 1082 2090 ruebant
1101 2065 1224 2090 actiuum
1249 2065 1298 2091 cst.
1337 2064 1411 2090 Alibi
1432 2072 1495 2090 neu-

216 2097 286 2123 trale
307 2098 337 2122 ut
357 2097 412 2123 ruit
431 2098 489 2123 alto
508 2107 525 2124 a
544 2098 663 2125 culmine
683 2099 757 2125 troia
771 2100 833 2125 «dd.
850 2099 859 2125 l
876 2099 905 2124 in
919 2108 1003 2132 mara.
1020 2101 1070 2132 inf.
1086 2101 1094 2133 ΙΙ
1112 2103 1141 2125 15
1158 2101 1194 2126 ml
1208 2109 1231 2125 1⁷.
1248 2103 1280 2126 36
1298 2100 1353 2125 Sub
1370 2100 1494 2133 pectore]

216 2141 266 2166 pro
286 2132 313 2158 in
334 2134 453 2166 pectore.
481 2134 503 2158 l’
525 2135 533 2166 ΙΙ
557 2134 693 2168 domn-ml
715 2135 745 2160 ut
769 2135 882 2167 senique
908 2135 1016 2161 dolores
1040 2136 1102 2161 ιιιίιί.
1128 2136 1165 2161 Im
1190 2136 1199 2168 ΙΙ
1225 2138 1256 2160 16
1275 2135 1392 2168 metum]
1418 2135 1448 2161 ut
1467 2135 1494 2161 id

217 2168 342 2194 metuens
362 2169 424 2194 mm.
446 2169 483 2194 Im
508 2170 517 2202 11
541 2169 651 2203 vulnus}
673 2170 745 2196 latus
767 2171 800 2195 M
820 2172 898 2203 (sorr.
919 2171 955 2203 m)
979 2171 988 2203 n
1012 2171 1122 2197 rettulit
1140 2180 1188 2196 om.
1210 2170 1307 2196 BOM
1329 2171 1402 2202 (arm.
1423 2171 1458 2202 m)
1486 2171 1494 2203 Η

218 2207 249 2228 17
271 2204 307 2229 acl
325 2212 348 2230 ¹1⁷.
365 2207 397 2230 37
420 2204 494 2230 Haec
514 2206 618 2238 secuml
639 2205 820 2231 subaudimus
835 2205 928 2232 locuta.
944 2208 992 2232 cst.
1022 2207 1051 2233 ct
1066 2207 1118 2232 hoc
1133 2205 1212 2232 finxit
1225 2206 1316 2238 poeta.
1348 2205 1439 2239 Mene]
1461 2214 1494 2231 ne

218 2248 272 2265 non
293 2240 382 2272 uacat,
403 2239 541 2271 significat
556 2242 647 2266 antem
665 2250 730 2273 vrgo
751 2262 755 2267 .
772 2263 777 2267 .
795 2262 800 2266 .
821 2241 955 2267 deserere.
978 2242 1004 2267 1’
1025 2243 1034 2274 ΙΙ
1060 2246 1090 2267 18
1111 2250 1193 2274 supra
1212 2241 1274 2266 LII
1295 2241 1304 2273 ΙΙ
1328 2240 1431 2266 (lictum
1452 2241 1496 2266 ost

218 2275 267 2300 (ll,
276 2275 311 2300 M
329 2275 371 2307 (ut
389 2275 514 2308 superius
535 2275 654 2301 diximus
675 2278 692 2308 Ι)
716 2278 725 2309 ΙΙ
750 2280 781 2302 19
807 2277 907 2303 solatia
927 2277 992 2310 qnia
1012 2276 1203 2303 uehementior
1222 2275 1348 2302 adfectus
1367 2276 1493 2307 (affectus

217 2310 260 2343 0²)
281 2310 323 2335 est
342 2310 399 2336 sino
420 2311 530 2336 conscio
550 2311 676 2343 (consilio
697 2313 742 2343 (1¹²)
763 2313 793 2338 nt
813 2333 817 2337 .
835 2333 839 2338 .
857 2333 862 2338 .
883 2312 937 2345 lyci
962 2313 990 2338 et
1008 2312 1036 2338 in
1056 2312 1154 2344 quarto
1179 2311 1265 2338 solam
1290 2310 1397 2337 inducit
1415 2311 1492 2338 dido-

217 2355 277 2371 mtm
298 2354 330 2371 011
352 2345 418 2378 quid
439 2355 492 2379 ago
512 2355 526 2372 0
547 2347 685 2373 contrario
705 2347 817 2380 quicum
838 2347 935 2381 partiri
956 2357 1035 2374 curas
1057 2348 1079 2373 G
