1690 2611
220 124 310 150 XXIV
755 126 969 155 PRAEFATIO.

220 207 351 238 eosdem
374 207 540 238 Danielini
563 209 786 240 commentarii
816 209 940 241 auctori
965 212 1095 250 praesto
1123 209 1222 241 fuisse
1248 210 1328 242 mihi
1347 212 1501 253 persuasi.

220 272 296 292 nam
321 272 360 292 ne
385 261 463 292 illud
489 261 616 302 quidem
636 262 705 294 veri
725 262 830 294 simile
850 273 919 294 esse
939 263 1097 305 videbam,
1122 275 1158 296 ex
1178 264 1259 305 ipsis
1276 264 1501 298 Saturnalibus

221 315 252 345 in
286 314 450 355 pleniores
482 314 584 347 Servii
616 315 741 347 codices
773 316 934 347 translata
966 327 1035 348 esse
1067 328 1148 358 quae
1179 319 1388 359 utrorumque
1419 330 1501 351 com-

222 368 333 399 munia
359 370 480 409 essent3
505 370 617 400 extant
641 369 726 400 enim
750 369 783 400 in
808 368 997 401 Cassellano
1023 372 1056 402 et
1078 369 1278 402 Floriacensi
1302 374 1334 403 et
1357 372 1501 404 Lemovi-

223 422 310 452 censi
336 433 416 463 quae
441 433 543 463 neque
568 422 778 454 inveniuntur
803 423 886 464 apud
910 423 1126 465 Macrobium,
1151 426 1183 456 et
1206 424 1253 456 ita
1277 427 1352 456 sunt
1375 436 1502 467 compa-

222 477 308 516 rata,
338 477 374 507 ut
404 487 470 507 non
500 476 671 508 videantur
702 477 741 507 ab
774 476 936 508 inferioris
961 477 1076 509 aetatis
1101 477 1232 509 homine
1257 478 1366 510 addita
1391 479 1502 519 esse.¹)

225 540 306 570 quae
330 529 527 561 Ribbeckius
553 530 572 561 I.
597 530 616 561 l.
641 531 812 571 proposuit
841 532 877 561 ut
900 530 995 562 huius
1021 532 1313 574 argumentationis
1338 531 1416 564 fides
1441 532 1501 563 ele-

222 584 367 623 varetur,
392 594 430 614 ea
454 583 519 614 suis
545 583 623 614 locis
647 583 767 624 partim
793 586 1045 615 commemorata
1069 586 1144 616 sunt
1166 585 1286 626 partim
1312 596 1503 617 commemo-

222 636 393 668 rabuntur:
418 648 492 668 nam
519 637 558 668 ad
583 637 769 668 universam
789 637 914 678 vulgati
935 640 967 669 et
985 638 1140 678 plenioris
1160 639 1384 670 commentarii
1404 639 1501 671 ratio·

221 700 293 720 nem
319 690 490 730 pertinent.

311 743 457 784 Denique
487 744 520 774 in
549 747 665 785 quarto
696 743 952 776 Satiunaliorum
983 745 1081 787 libro,
1110 758 1172 788 quo
1197 745 1382 778 Macrobius
1407 746 1500 788 Sym-

223 797 372 828 machum
406 797 659 829 ‘violentissima
690 798 822 830 inventa
853 799 903 830 vel
935 810 1029 831 sensa
1052 799 1230 831 rhetoricae
1255 801 1288 832 in
1312 800 1501 842 Vergiliano

223 850 335 892 opere’
361 851 637 883 demonstrantem
662 851 747 893 fecit,
770 852 853 883 nihil
873 853 979 884 inesse
1000 853 1125 884 ostendi
1146 854 1231 895 quod
1251 865 1321 885 cum
1338 853 1501 886 Servianis

223 905 461 936 commentariis
488 905 681 936 conveniret.
719 905 757 936 de
782 905 893 946 quinto
918 906 1016 947 libro,
1041 917 1103 947 quo
1128 907 1297 947 exponitur
1322 907 1398 948 quid
1422 907 1498 938 Ver-

219 959 317 1000 gilius
343 971 358 990 e
384 959 580 990 Graecorum
604 962 788 1000 poetarum,
816 958 952 991 Homeri
977 959 1140 1000 inprimis,
1165 960 1362 992 carminibus
1386 961 1418 991 in
1444 972 1502 992 sua

219 1013 435 1053 transtulerit,
460 1015 492 1044 et
515 1013 553 1043 de
579 1013 660 1043 sexti
685 1012 759 1043 libri
785 1013 943 1054 capitibus
963 1013 1056 1054 1—5‚
1081 1014 1198 1054 quibus
1225 1025 1261 1045 ea
1287 1016 1502 1055 recensentur,

221 1078 301 1108 quae
332 1078 350 1098 a
378 1066 507 1098 Latinis
537 1066 642 1107 poetis
674 1066 910 1107 antiquioribus
935 1066 1100 1108 Vergilius
1130 1068 1292 1108 accepisse
1323 1067 1502 1109 videbatur,

219 1132 321 1162 pauca
347 1121 419 1152 dixi.
459 1120 539 1151 haec
564 1120 648 1152 enim
674 1120 714 1151 ad
739 1120 868 1152 Perellii
894 1120 1006 1151 Fausti
1032 1122 1063 1152 et
1088 1120 1123 1158 Q.
1136 1120 1261 1152 Octavii
1287 1120 1377 1152 Aviti
1401 1121 1501 1157 libros

220 1174 272 1215 (cf.
298 1173 383 1206 Suet.
408 1186 438 1215 p.
464 1174 506 1206 65
521 1185 567 1215 sq.
593 1173 792 1216 Reiffersch.)
818 1174 920 1205 redire
945 1174 1013 1215 ipse
1038 1174 1235 1206 Ribbeckius
1260 1175 1380 1216 proleg.
1405 1187 1433 1216 p.
1459 1175 1500 1206 99

222 1230 254 1259 et
277 1229 338 1259 113
364 1228 480 1260 docuit.

321 1282 381 1313 His
424 1282 526 1324 igitur
568 1281 749 1313 observatis
793 1280 896 1312 Servii
938 1281 1205 1313 commentarium
1247 1281 1413 1314 Macrobio
1462 1283 1502 1314 ad

223 1348 351 1368 manum
391 1336 491 1367 fuisse
529 1336 652 1377 negavi.
715 1335 796 1366 addo
837 1335 920 1376 quod
959 1346 1060 1376 nuper
1099 1335 1291 1366 Thomasius
1335 1333 1382 1377 (p.
1419 1335 1500 1377 161)

222 1401 279 1421 suo
309 1390 377 1421 iure
402 1389 540 1430 monuit,
570 1390 681 1430 aperte
711 1388 913 1420 Macrobium
943 1388 1156 1430 significasse,
1185 1399 1222 1419 ex
1252 1389 1500 1430 antiquorum

219 1444 313 1485 libris
347 1443 493 1475 derivata
526 1454 594 1474 esse
629 1454 710 1484 quae
739 1442 918 1474 Eustachio
952 1443 1019 1474 filio
1053 1442 1190 1474 offerret.
1203 1440 1228 1483 ²)
1277 1453 1313 1474 ac
1347 1453 1386 1473 ne
1419 1443 1499 1474 illud

223 1497 349 1538 quidem
388 1499 467 1538 puto
506 1497 719 1528 omittendum
759 1507 843 1537 esse,
880 1507 944 1528 non
983 1496 1086 1528 solere
1124 1495 1325 1528 Macrobium
1363 1507 1499 1528 comme-

222 1562 347 1582 morare
373 1551 488 1591 quibus
514 1550 701 1581 auctoribus
726 1562 802 1581 usus
829 1550 879 1591 sit,
904 1550 1005 1581 veluti
1030 1549 1136 1590 Gellii,
1160 1549 1329 1591 Athenaei,
1353 1548 1500 1591 Senecae,

222 1604 358 1646 quoru'm
388 1615 404 1635 e
434 1604 526 1635 libris
555 1604 642 1635 haud
672 1614 774 1645 pauca
803 1604 836 1634 in
861 1603 1048 1635 Saturnalia
1076 1603 1237 1635 translata
1265 1614 1333 1634 esse
1363 1605 1500 1644 constat,

220 1669 259 1689 ne
294 1658 427 1690 nomina
462 1657 590 1699 quidem
624 1657 843 1698 inveniuntur,
876 1657 1069 1688 Plutarchus
1100 1659 1209 1689 autem
1234 1657 1420 1688 nominatur
1445 1657 1500 1688 ille

221 1712 348 1753 quidem
374 1711 450 1752 (VII
471 1712 500 1752 3,
515 1711 581 1752 24),
606 1711 660 1742 sed
684 1711 766 1742 nihil
792 1711 928 1750 additur,
954 1711 1034 1742 unde
1060 1711 1231 1752 septimum
1256 1710 1375 1742 librum
1400 1721 1500 1752 prope

221 1768 327 1797 totum
352 1776 389 1795 ex
410 1765 633 1796 convivalibus
654 1765 720 1795 eius
743 1764 988 1805 quaestionibus
1009 1764 1204 1805 exscriptum
1226 1775 1294 1795 esse
1314 1774 1500 1806 cognoscas.

219 1818 303 1860 quod
329 1829 401 1849 cuin
426 1818 471 1849 ita
497 1818 538 1849 sit
554 1818 755 1849 Macrobium
777 1818 803 1849 si
826 1817 997 1849 Servianos
1019 1818 1266 1849 commentarios
1293 1818 1501 1859 compilasset

220 1883 284 1903 non
314 1874 393 1912 puto
424 1882 601 1912 sermones,
633 1882 712 1912 quos
743 1871 827 1902 inter
857 1871 1061 1903 doctissimos
1091 1871 1177 1902 illius
1207 1871 1324 1903 aetatis
1354 1871 1500 1903 homines

219 1926 350 1958 habitos
376 1937 445 1957 esse
470 1925 574 1966 finxit,
600 1925 645 1956 ita
670 1925 897 1956 instituturum
921 1924 1034 1965 fuisse,
1059 1927 1094 1956 ut
1118 1924 1227 1956 Servio
1253 1925 1314 1966 ipsi
1339 1925 1425 1956 haud
1450 1936 1500 1956 ex-

220 1981 329 2022 iguam
359 1991 468 2011 eorum
498 1981 624 2020 partem
654 1979 818 2010 tribueret.
872 1979 925 2019 qui
955 1980 1062 2010 autem
1086 1979 1207 2010 fuerint
1231 1979 1264 2010 in
1290 1979 1329 2010 iis
1355 1989 1435 2019 quae
1460 1978 1498 2009 de

218 2033 415 2075 Vergilianis
450 2033 694 2074 quaestionibus
728 2033 762 2063 in
795 2032 1055 2064 Saturnaliorum
1089 2032 1182 2064 libris
1216 2032 1381 2073 disputata
1423 2033 1499 2062 sunt

312 2124 337 2153 1)
362 2121 395 2147 cf.
422 2120 457 2147 M.
484 2121 509 2146 S.
538 2121 575 2146 III
599 2124 624 2154 3,
651 2124 662 2146 1
685 2130 742 2154 sqq.
773 2121 800 2146 et
824 2121 891 2146 Aen.
922 2120 972 2145 XII
1000 2123 1063 2151 779;
1093 2120 1128 2147 M.
1156 2121 1182 2147 S.
1213 2121 1248 2146 III
1278 2123 1306 2152 3,
1333 2122 1443 2145 10-12
1473 2119 1501 2144 et

220 2169 315 2195 georg.
337 2162 345 2186 l
368 2163 418 2186 ‘269
439 2162 467 2187 et
487 2164 551 2192 272;
585 2162 620 2187 M.
642 2160 668 2187 S.
690 2161 726 2186 ΙΙΙ
748 2163 772 2193 4,
794 2163 806 2186 1
826 2169 886 2194 sqq.
912 2162 940 2187 et
962 2160 1030 2187 Aen.
1055 2161 1078 2186 11
1100 2164 1164 2193 2253
1198 2160 1234 2186 M.
1255 2159 1280 2185 S.
1301 2159 1338 2185 ΙΙΙ
1358 2161 1382 2191 4,
1403 2161 1418 2184 6
1440 2167 1498 2191 sqq.

221 2204 250 2228 et
269 2202 336 2227 Aen.
358 2201 366 2226 l
388 2204 452 2231 37²st
487 2201 521 2227 M.
544 2203 569 2228 S.
592 2201 626 2226 ΙΙΙ
648 2204 672 2234 G,
695 2204 761 2226 1--45
786 2201 814 2226 et
834 2200 954 2227 Aen.]11
974 2204 1020 2232 85;
1055 2202 1089 2227 Μ.
1107 2201 1132 2227 S.
1156 2200 1231 2233 1116,
1254 2202 1283 2225 17
1305 2200 1333 2225 et
1352 2199 1418 2225 Aen.
1434 2198 1497 2224 VIII

220 2244 287 2273 2883
309 2241 344 2267 M.
357 2240 382 2266 S.
405 2241 425 2266 V
451 2243 489 2273 16,
510 2245 524 2266 s·
546 2243 573 2267 ct
593 2241 660 2267 Aen.
681 2241 704 2267 X
725 2244 784 2267 567.
899 2243 925 2274 2)
946 2240 1030 2274 praef.
1052 2243 1068 2266 4
1095 2241 1138 2266 ‘et
1158 2239 1222 2266 boui
1242 2238 1370 2265 consulas
1391 2239 1500 2271 oportet

222 2281 244 2307 si
267 2281 395 2307 notitiam
419 2280 564 2307 vetustatis
585 2281 666 2306 modo
688 2280 786 2306 nostris
803 2289 856 2306 non
873 2281 988 2308 obscure
1004 2280 1086 2307 modo
1106 2279 1172 2314 ipsis
1187 2278 1363 2312 antiquorum
1382 2277 1501 2304 fideliter

221 2321 312 2347 verbis
342 2329 539 2354 recognoscas,
568 2322 649 2354 prout
674 2329 800 2354 quaeque
831 2329 859 2347 se
888 2321 932 2347 vcl
953 2320 1107 2347 enarranda
1139 2319 1183 2345 vel
1215 2317 1407 2347 transferenda
1435 2327 1497 2351 sug-

221 2361 378 2395 gesserint)
