1690 2611
204 134 318 161 LXVIII
730 129 946 157 PRAEFATIO.

201 217 317 248 hibent
347 215 492 247 Serviani
521 214 611 255 libri,
640 213 792 245 libabatur
821 211 1049 244 Floriacensis.
1097 209 1176 241 Aen.
1205 209 1221 240 I
1250 211 1271 241 4
1300 210 1343 253 (p.
1371 212 1424 252 11,
1452 209 1483 253 1)

203 281 260 312 pro
279 270 428 310 ponimus
451 270 483 300 et
496 268 683 308 formamus,
708 277 789 308 quae
815 267 890 297 sunt
915 265 1097 296 breviorum
1118 263 1276 295 librorum
1297 265 1484 306 scripturae,

200 324 304 365 posita
328 325 401 355 sunt
425 324 456 354 et
477 322 616 362 formata
643 320 777 362 praebet
802 319 1018 351 Cassellanus.
1062 318 1095 349 in
1120 317 1233 348 eodem
1257 317 1272 348 I
1298 318 1339 349 26
1364 316 1408 360 (p.
1434 319 1485 359 22,

205 376 262 420 22)
291 378 390 409 wilm·
420 387 478 417 pro
506 376 624 407 utimur
652 374 779 416 legitur.
817 372 847 403 V
877 373 940 404 822
970 370 1012 413 (p.
1038 372 1117 413 651,
1143 369 1198 412 17)
1227 372 1312 411 apud
1337 381 1392 403 uos
1416 371 1482 403 Ser-

205 432 249 463 vii
283 431 409 462 codices
443 430 564 461 habent
598 429 683 469 apud
718 427 849 458 Latinos
882 425 1098 458 Oassellanus.
1148 425 1289 456 fortasse
1319 425 1377 456 illa
1410 435 1487 467 quo-

208 496 268 527 que
292 484 355 516 huc
378 484 542 525 pertinent
567 493 647 524 quae
674 481 713 512 ad
738 479 819 510 Aen.
842 478 872 510 X
896 479 960 510 314
990 478 1091 510 ‘latus
1125 478 1234 509 haurit
1265 477 1429 520 apertum’
1455 479 1488 510 in

206 537 407 570 Floriacensi
433 537 589 569 adnotata
619 537 694 566 sunt
723 533 849 574 quidam
879 532 1019 564 italicam
1043 532 1238 564 elocutionem
1256 534 1388 572 putant:
1421 542 1489 563 eum

207 593 288 624 enim
312 603 333 623 a
358 592 451 623 latere
469 591 538 631 qais
553 590 685 629 aliquem
701 588 828 618 adortus
844 586 949 627 gladio
964 587 1071 618 oceidit
1095 586 1214 618 ‘hausit
1238 585 1342 617 illum’
1367 585 1490 617 diezmt:

207 646 270 678 11131
295 645 452 677 Italorum
478 654 583 675 sermo
608 642 670 673 hoc
695 640 818 672 scholio
844 650 916 670 cum
940 639 1063 671 urbano
1089 641 1303 681 comparatur.

300 699 347 730 De
377 699 448 729 loco
482 708 544 738 quo
574 696 700 737 plenior
729 693 981 726 commentarius
1012 694 1212 734 compositus
1243 694 1291 724 cst
1319 693 1380 724 etsi
1409 692 1491 723 nihil

209 753 313 784 habeo
331 751 416 793 quod
432 751 601 782 adfirmare
617 749 752 791 possim,
772 758 822 778 res
838 749 947 778 tamen
962 746 1119 788 quasdam
1136 746 1395 778 commemorabo
1411 757 1491 787 quac

211 806 324 837 dubito
350 816 391 836 an
415 804 454 836 ad
479 815 549 835 eam
574 802 797 844 quaestionem
828 800 1020 842 pertineant.
1059 801 1154 841 atque
1184 811 1255 831 cum
1284 810 1395 831 omnes
1424 799 1491 830 fere

212 858 377 891 Danielini
401 858 476 889 libri
500 858 534 889 in
558 856 695 888 Francia
720 855 841 886 inventi
867 854 944 894 sint,
973 853 1018 884 ibi
1044 853 1198 884 Ser-viana
1218 855 1401 885 commenta
1420 864 1492 894 sup-

214 914 301 955 pleta
327 915 358 944 et
383 915 477 943 aucta
502 922 573 943 esse
598 909 780 942 conieceris.
824 908 879 939 sed
908 919 979 939 cum
1004 918 1106 949 neque
1130 907 1162 938 in
1187 907 1368 938 Turonensi
1391 918 1493 948 neque

213 968 247 998 in
271 966 469 998 Floriacensi
494 968 550 997 aut
574 962 852 996 Autissiodorensi
883 973 898 992 e
930 961 1074 1003 pleniore
1103 961 1136 992 in
1165 960 1305 1001 primum
1331 962 1362 991 et
1386 971 1494 992 secun—

217 1021 291 1052 dum
316 1019 469 1051 Aeneidis
494 1019 613 1050 librum
634 1016 867 1049 commentario
889 1015 1064 1057 quidquam
1091 1014 1287 1056 adscriptum
1313 1014 1368 1055 sit,
1392 1014 1419 1045 is
1440 1016 1496 1045 aut

215 1085 392 1115 numquam
426 1075 481 1104 aut
516 1072 671 1114 perbreve
708 1073 835 1111 tempus
872 1070 905 1100 in
936 1068 1072 1100 Francia
1107 1068 1206 1100 fuisse
1238 1067 1374 1099 videtur.
1422 1067 1495 1098 inde

218 1130 305 1160 recte
329 1127 362 1158 ni
393 1127 489 1158 fallor
519 1125 684 1166 colligitur
714 1136 786 1156 eum
812 1134 937 1165 quoque
968 1123 1100 1164 librum,
1128 1122 1211 1153 unde
1240 1121 1289 1152 illi
1319 1121 1373 1162 qui
1401 1120 1495 1152 hodie

215 1181 396 1213 Bernenses
423 1182 498 1212 sunt
521 1179 683 1220 fluxerint,
709 1178 836 1209 aliunde
853 1177 891 1209 ad
907 1176 1048 1208 Francos
1070 1176 1275 1217 adportatum
1292 1185 1369 1206 esse.
1408 1174 1496 1206 cuius

215 1235 292 1266 libri
316 1234 400 1266 hanc
429 1234 527 1265 fuisse
557 1233 672 1274 opinor
697 1232 870 1272 rationem,
899 1232 935 1262 ut
959 1230 1191 1261 bucolicorum·
1212 1230 1244 1260 et
1271 1228 1495 1270 georgicorum

218 1288 383 1329 margines
408 1287 606 1319 Beruensem
631 1286 685 1327 qui
710 1287 842 1316 vocatur
863 1284 1129 1316 commentarium
1148 1282 1319 1323 haberent,
1344 1281 1496 1313 Aeneidis

217 1343 294 1373 libri
319 1342 381 1373 duo
406 1341 530 1383 priores
556 1339 688 1371 scholiis
709 1340 869 1380 carerent,
894 1338 933 1369 ad
949 1337 1090 1379 reliquos
1106 1336 1231 1378 plenior
1246 1335 1497 1367 commentarius

218 1396 401 1437 adscriptus
427 1396 521 1426 esset.
564 1405 602 1425 ex
626 1393 687 1424 hoc
708 1403 789 1434 quae
811 1392 850 1423 ad
870 1391 1016 1423 bucolica
1037 1392 1068 1422 et
1089 1389 1240 1431 georgica
1264 1389 1498 1430 pertinuerunt,

218 1461 356 1492 quorum
384 1449 541 1490 reliquiae
570 1446 793 1478 Lemovicensi
824 1445 929 1476 codice
959 1444 1177 1485 continentur,
1206 1453 1351 1474 seorsum
1379 1442 1500 1483 scripta

220 1501 358 1544 erant¹)‚
383 1502 458 1543 quia
482 1500 665 1541 Vergiliani
689 1499 776 1530 illius
803 1497 995 1539 exemplaris
1021 1497 1183 1538 margines
1207 1496 1385 1527 Bernensia
1410 1495 1498 1527 scho-

219 1557 265 1588 lia
289 1556 538 1597 occupaverant:
567 1553 741 1584 Fuldensia
766 1554 874 1583 autem
899 1551 966 1582 sive
992 1549 1182 1582 Cassellana
1206 1551 1390 1581 commenta
1408 1560 1501 1591 prop-

220 1613 269 1642 ter
294 1608 541 1651 amplitudinem
565 1618 630 1639 non
654 1606 846 1637 videbantur
877 1607 950 1645 apte
976 1604 1037 1645 ipsi
1061 1604 1166 1645 primo
1192 1605 1224 1635 et
1248 1603 1387 1635 secundo
1417 1603 1501 1634 libro

221 1663 370 1695 adscribi.
414 1661 587 1693 Bernensis
612 1661 719 1692 autem
750 1658 975 1690 commentarii
1000 1659 1112 1689 auctor
1135 1657 1186 1688 his
1213 1667 1292 1698 quae
1323 1657 1363 1687 ad
1392 1666 1502 1698 georg.

220 1717 253 1749 ΙΙ
280 1716 343 1748 115
368 1715 552 1757 ‘pictosque
577 1712 734 1745 Gelonos'
765 1712 933 1743 adnotavit
957 1722 1031 1752 quos
1055 1710 1137 1753 (scil.
1161 1709 1283 1752 Pictos)
1313 1710 1371 1741 alii
1398 1710 1503 1741 dieunt

225 1770 391 1803 Cruitlmet:
414 1770 469 1800 (liu
493 1769 544 1801 secl
565 1768 644 1807 false
668 1766 873 1798 subtiliorem
898 1765 1058 1806 quandam
1074 1765 1261 1796 celticarum
1276 1774 1382 1794 rerum
1403 1762 1502 1794 scien-

222 1825 302 1856 tiam
328 1823 480 1855 ostendit.
524 1821 577 1864 (cf.
603 1832 683 1862 quae
699 1819 920 1850 Mommsenus
942 1818 979 1850 de
1004 1818 1054 1849 his
1080 1818 1186 1849 verbis
1212 1828 1292 1848 mus.
1307 1816 1409 1848 Rhen.
1425 1815 1501 1847 XVI

223 1890 252 1920 p.
277 1877 339 1908 447
362 1888 406 1917 sq.
431 1874 538 1915 dixit.)
569 1886 640 1906 cum
670 1873 888 1904 Bernensibus
915 1871 1046 1903 scholiis
1075 1871 1161 1903 Iunii
1191 1870 1355 1912 Filargirii
1384 1869 1503 1901 bucoli-

223 1942 332 1964 corum
359 1929 544 1970 explanatio
570 1928 607 1959 de
634 1939 696 1969 qua
721 1938 801 1958 mus.
818 1926 919 1957 Rhen.
935 1925 995 1956 XV
1012 1937 1041 1966 p.
1065 1926 1125 1956 119
1142 1937 1209 1966 sqq.
1225 1924 1291 1955 dixi
1311 1923 1503 1965 cognatione

225 1985 364 2026 quadam
393 1983 589 2014 continetur:
633 1992 728 2022 quam
764 1981 796 2011 in
826 1979 998 2010 Britannia
1028 1990 1064 2010 ex
1094 1979 1236 2020 antiquis
1267 1977 1504 2009 commentariis

226 2039 411 2078 excerptam
423 2047 492 2067 esse
509 2036 559 2067 his
571 2035 726 2077 probatur
740 2045 820 2075 quae
831 2033 955 2064 scholio
968 2032 1007 2064 ad
1021 2032 1203 2064 buc.11190
1219 2030 1380 2073 spectanti
1396 2029 1505 2061 addita

226 2093 301 2123 sunt
329 2093 362 2121 ut
390 2090 568 2121 Adammzcs
601 2086 715 2130 dicim
763 2087 794 2118 id
816 2087 900 2118 enim
930 2097 1046 2118 nomen
1067 2085 1150 2127 apud
1174 2085 1350 2117 Britannos
1384 2084 1417 2114 in
1445 2094 1504 2114 11311

318 2206 341 2237 1)
363 2203 412 2230 sed
432 2204 492 2237 ipsa
512 2211 621 2237 quoque
646 2203 674 2229 in
693 2201 848 2236 Vergiliani
867 2201 931 2228 libri
951 2201 1122 2236 marginibus
1143 2200 1210 2226 olim
1230 2198 1334 2232 scripta
1353 2197 1436 2224 fuisse
1462 2196 1505 2222 his

228 2245 363 2279 probatur
383 2251 455 2277 quae
475 2251 569 2276 georg.
591 2244 600 2268 l
622 2246 654 2268 19
680 2243 706 2268 in
728 2241 919 2268 Lemovicensi
940 2242 1071 2275 leguntur
1092 2240 1181 2267 ‘cuius
1201 2247 1268 2265 uxor
1298 2236 1422 2271 cyntinia.
1440 2244 1505 2270 pue-

229 2294 288 2311 rum
310 2283 366 2318 trip
387 2293 501 2309 ηι-ιυιιιιιιΔ
520 2284 655 2309 tolemum
676 2282 843 2316 pepervrat’.
875 2282 1003 2308 nimirum
1026 2290 1088 2307 cum
1109 2279 1215 2306 scholio
1229 2279 1259 2304 in
1274 2277 1416 2311 superiore
1434 2284 1506 2302 mar-

229 2326 293 2359 gine
315 2323 406 2358 posito
422 2323 541 2349 indicem
563 2322 682 2356 paginas:
703 2321 848 2355 imperitus
875 2321 1004 2347 librarius
1025 2319 1178 2353 exscripsit.
1288 2319 1314 2351 2)
1335 2317 1408 2350 quod
1427 2317 1459 2342 ut
1478 2315 1507 2342 in

232 2363 465 2391 Autissiodorensi
486 2363 526 2389 ita
546 2363 572 2388 in
593 2362 645 2388 hac
666 2362 861 2395 explanatione
883 2361 966 2387 iricae
987 2360 1097 2394 glossae
1120 2359 1186 2385 satis
1207 2357 1311 2384 multae
1331 2357 1508 2383 inveniuntur
