1690 2611
493 115 606 143 COMM.
626 117 665 142 IN
685 115 791 144 VERG.
811 117 894 144 AEN.
915 118 934 145 1.
955 122 1067 146 46—52.
1377 119 1419 152 33

141 196 231 228 Orci
255 197 422 238 amplius
448 198 639 230 obiectam
663 209 799 239 passus
823 199 994 230 transire
1018 201 1202 240 paludem.
1290 215 1423 234 srpprrx

140 251 266 281 breviter
279 253 441 291 ‘utrumque
459 252 554 289 dixin
579 254 633 283 aut
650 252 732 283 enim
751 252 963 291 suscipiuntur
981 256 1048 283 vota
1063 255 1217 293 precibus,
1237 258 1293 286 aut
1310 255 1422 287 honore

138 304 317 335 redduntur.
362 307 390 335 et
417 295 570 336 ostendere
594 305 672 343 vult,
701 315 762 336 non
791 305 887 336 solum
918 316 978 336 non
1006 306 1066 338 sibi
1093 308 1342 347 suppliccmdzmz,
1370 309 1423 340 secl

140 366 192 387 uec
214 357 348 396 simplici.
371 358 561 389 veneratione
584 359 709 398 (leynam
730 359 881 397 futuram.

226 410 277 441 50.
315 419 420 441 TALIA
441 419 635 442 FLAMMATO
656 410 742 452 quod
761 412 908 452 superius
929 412 1150 444 intermiserat
1169 425 1253 445 nunc
1272 416 1420 448 reddidit.

137 473 212 493 nam
239 463 366 494 dixerat
391 464 537 504 superius
567 463 662 495 ‘haee
686 463 810 495 secum'
840 466 872 496 et
897 465 992 496 modo
1017 465 1063 496 ait
1088 465 1281 507 ‘volutans',
1310 469 1341 499 id
1372 472 1421 500 est

139 516 311 557 cogitans.-
343 517 433 548 multi
455 527 530 548 sane
553 516 646 548 ‘talia
669 517 827 549 volutfflzs'
852 518 929 549 talia
952 518 1126 550 revolutam
1149 521 1311 560 accipiunt.

227 570 278 601 51.
314 568 499 602 NIMBORVM
518 570 620 601 nimbi
640 581 725 602 nunc
744 573 858 602 ventos
884 571 1082 612 significant,
1106 572 1294 614 plerumque
1320 574 1420 605 nubes

137 622 188 654 vel
215 623 357 663 pluvias:
388 633 464 664 ergo
493 625 590 664 prout
618 623 706 655 locus
736 624 835 655 fuerit
862 625 1102 666 intellegamus.
1153 627 1282 667 proprie
1311 629 1420 658 tamen

137 675 240 706 nimbi
264 677 418 707 vocantur
441 677 628 717 repentinae
653 679 685 708 et
708 677 902 718 praecipites
927 678 1069 719 pluviae3
1094 690 1171 710 nam
1194 680 1322 720 pluvias
1343 680 1419 711 dici-

137 739 207 759 mus
232 729 335 760 lentas
357 731 389 760 et
412 729 512 770 iuges.
556 732 583 760 et
605 730 737 770 ftyurate
761 730 925 771 εΡαΐκνὶαυι,
947 731 1045 769 loea’‚·
1069 743 1166 763 unum
1185 734 1266 764 enim
1286 735 1418 765 «ταν-ἰθέας

136 782 204 821 ipsa
225 782 386 822 siym'fieat.
474 791 565 814 LOCA
585 792 675 814 FETA
700 795 784 815 nunc
808 784 917 825 plena,
942 787 978 815 ut
1003 785 1066 816 alio
1092 786 1162 817 loco
1187 786 1268 817 feta
1292 788 1417 818 armis.

137 834 300 865 sciendum
325 837 375 866 est
399 838 506 867 autem
530 836 631 867 fetam
656 836 719 867 dici
744 839 776 868 et
801 838 969 878 gravidam
993 841 1026 869 et
1048 841 1145 880 partu
1170 840 1356 881 liberatam,
1382 843 1419 872 ut

135 887 284 919 fecerat
308 890 344 919 et
368 889 486 920 viridi
510 889 629 921 fetam
649 890 837 922 Mavortis
863 892 900 922 in
925 894 1050 933 antro3
1076 893 1203 924 enixam
1224 896 1331 925 autem
1347 905 1418 925 eam

134 941 233 972 fnisse
258 941 321 980 Iac,
347 942 429 983 quod
454 943 562 983 pueris
586 944 818 984 praebebatur,
842 945 993 977 ostendit.
1030 946 1109 977 item
1129 946 1234 978 fetam'
1249 948 1415 988 gravidam

135 994 192 1025 illo
227 994 297 1025 loco
332 995 487 1037 ostendit,
519 1007 595 1027 non
627 997 781 1028 insueta
814 1007 949 1037 graves
989 999 1237 1039 temptabunt
1275 1001 1417 1041 pabula

134 1046 243 1078 fetas.
284 1058 361 1088 ergo
392 1049 467 1090 quia
495 1049 561 1080 feta
591 1049 714 1081 medius
744 1061 848 1081 sermo
878 1053 940 1091 est,
972 1051 1053 1083 bene
1082 1051 1142 1083 hoc
1173 1052 1243 1084 loco
1273 1054 1416 1094 epitheto

133 1100 298 1141 discrevit,
322 1101 430 1133 dicens
455 1101 586 1143 ‘graues
611 1102 721 1144 fetas',
746 1106 781 1134 ut
805 1104 925 1135 bonum
949 1104 1075 1137 facinus
1096 1107 1128 1136 et
1148 1106 1269 1137 malum
1293 1107 1416 1139 facinus

134 1153 283 1194 dicimus,
307 1153 428 1185 bonum
451 1166 607 1186 venenum
629 1158 661 1187 et
680 1156 801 1187 malum
821 1168 988 1188 venenum.
1079 1167 1225 1191 AVSTRIS
1245 1160 1348 1202 figura
1368 1163 1417 1192 est

132 1206 296 1238 celebrata
320 1207 404 1248 apud
428 1207 624 1249 Vergilium:
649 1210 681 1239 et
705 1211 754 1240 est
779 1210 900 1250 species
925 1222 983 1251 pro
1008 1221 1133 1252 genere.
1179 1212 1305 1253 legerat
1329 1214 1413 1254 apud

131 1259 271 1291 Ennium
305 1259 527 1292 furentibus
560 1262 702 1302 ventis,
737 1262 791 1293 sed
825 1263 915 1303 quasi
950 1274 1099 1304 asperum
1129 1264 1217 1306 fugit
1245 1268 1277 1297 et
1305 1268 1416 1307 posuit

133 1312 287 1344 ‘austris’
311 1323 369 1353 pro
394 1314 510 1344 ventis.

221 1366 272 1396 52.
309 1374 463 1397 AEomAM
488 1376 595 1398 VENIT
619 1378 736 1399 novem
760 1367 898 1406 insulae,
923 1380 1005 1410 quae
1031 1373 1106 1402 sunt
1129 1374 1203 1412 post
1227 1372 1346 1404 fretum
1367 1372 1414 1404 Si-

132 1419 238 1458 ciliae,
276 1419 479 1459 appellantur
512 1420 645 1452 Aeoliae
679 1421 718 1452 ab
752 1421 855 1452 Aeolo
890 1432 982 1463 rege,
1020 1423 1183 1465 Hippotae
1216 1425 1299 1467 filio,
1338 1426 1414 1457 licet

203 1509 218 1531 9
237 1506 348 1540 proprie
369 1528 374 1532 .
391 1528 397 1533 .
413 1528 419 1532 .
439 1507 529 1542 iuges]
550 1506 634 1534 exscr.
655 1507 718 1534 Isid.
739 1516 777 1536 or.
796 1509 860 1534 XIII
882 1512 923 1542 10,
939 1513 953 1535 3
969 1511 978 1543 ΙΙ
994 1514 1025 1536 12
1045 1511 1114 1545 feta]
1135 1512 1166 1538 A.
1186 1512 1211 1538 ΙΙ
1232 1514 1354 1547 2381114
1374 1514 1412 1540 fe-

131 1541 218 1576 cerat]
240 1543 271 1567 A.
292 1542 356 1567 VIII
377 1543 498 1576 6301116
518 1552 573 1569 non
592 1543 713 1578 insueta]
734 1544 783 1570 ecl.
804 1545 816 1569 I
835 1546 940 1578 491120
960 1546 1035 1579 apud
1052 1547 1185 1582 Ennium]
1209 1556 1271 1574 ann.
1292 1549 1340 1576 rel.
1361 1552 1410 1575 581

131 1577 350 1638 ‘irpfigsaglssklhssi
367 1586 466 1639 nloJem
485 1578 592 1604 insulae
612 1600 617 1605 .
635 1600 639 1605 .
658 1600 663 1605 .
683 1579 813 1614 retinere]
836 1588 920 1607 exscr.
942 1581 1005 1607 Isid.
1026 1590 1066 1639 or:
1085 1582 1148 1608 XIV
1169 1587 1193 1616 6,
1210 1587 1251 1610 37.
1272 1585 1411 1619 mythogr.

131 1692 231 1718 desinit
247 1692 398 1719 Cassellwzi
417 1695 559 1727 quaternio
573 1695 695 1728 primus,
715 1695 848 1721 secundus
862 1696 910 1728 qui
924 1696 1077 1723 continebat
1092 1700 1310 1725 commentarium
1328 1708 1411 1734 usque

131 1728 167 1753 ad
181 1736 204 1753 v.
222 1731 271 1754 135
291 1728 353 1755 ideo
374 1729 414 1755 ait
433 1730 498 1762 quia
518 1730 643 1764 luppiter
661 1731 779 1762 interiit,
801 1733 829 1755 ut
845 1732 882 1756 ad
897 1731 1023 1764 Scioppii
1037 1733 1205 1760 collationem
1219 1735 1409 1768 resumendum

130 1763 172 1788 sit.
188 1764 197 1796 ΙΙ
212 1767 227 1789 5
243 1764 279 1789 acl
293 1772 316 1791 v.
329 1767 361 1790 50
377 1764 458 1790 Talia
472 1764 625 1798 flammato]
642 1766 716 1798 quod
732 1788 737 1792 .
755 1787 759 1792 .
777 1787 782 1791 .
799 1766 839 1792 ait
853 1775 946 1792 secum
962 1767 1099 1800 uolutans,
1115 1768 1143 1794 id
1159 1770 1202 1795 est
1216 1771 1343 1804 cogitans
1361 1771 1402 1803 Pj

132 1801 146 1824 7
156 1798 221 1824 tah's
232 1799 391 1826 revolutans
403 1800 426 1825 C
437 1801 446 1833 fl
461 1802 475 1826 8
487 1801 523 1826 ad
533 1809 556 1826 r.
569 1804 601 1826 51
614 1801 790 1835 Nimborum]
802 1801 911 1828 nimbos
921 1811 994 1828 nunc
1005 1804 1102 1829 uentos
1116 1803 1271 1838 significat.
1285 1828 1289 1832 .
1303 1827 1308 1832 .
1319 1808 1407 1833 antro.

131 1833 239 1859 enixam
255 1842 316 1860 eam
331 1835 414 1861 fuisse
429 1835 505 1861 dicit.
538 1836 605 1862 item
620 1836 707 1862 fetam
722 1836 882 1870 grauidam,
901 1840 933 1863 ut
947 1839 989 1864 est
1003 1859 1008 1863 .
1020 1858 1025 1863 .
1037 1859 1043 1865 .
1059 1839 1138 1865 fetas.
1166 1840 1285 1876 Austris]
1302 1842 1408 1875 species

130 1877 179 1902 pro
199 1877 307 1902 genere.
330 1869 356 1894 P
377 1870 386 1903 ΙΙ
409 1873 424 1896 9
443 1870 662 1905 intellegendum
682 1873 725 1898 est
743 1872 814 1897 BM
822 1873 830 1898 Z
853 1873 862 1905 ΙΙ
885 1873 996 1907 proprie
1014 1875 1120 1909 tamen]
1141 1884 1206 1901 nam
1225 1877 1335 1910 proprie
1356 1878 1383 1903 P

132 1907 164 1929 10
189 1904 317 1930 dicuntur
335 1905 434 1931 BCM
454 1906 463 1939 11
486 1915 551 1932 nam
569 1907 692 1941 pluvias]
717 1907 826 1940 pluuias
850 1916 917 1934 uero
939 1909 966 1934 P
984 1910 993 1942 ΙΙ
1016 1917 1148 1936 uocamus
1167 1911 1265 1937 BOM
1287 1913 1296 1945 ss
1322 1915 1352 1938 12
1376 1915 1408 1938 ut

130 1939 199 1965 alibi
217 1940 244 1964 B
273 1940 360 1965 ueluti
379 1941 421 1966 est
441 1942 467 1966 P
479 1941 489 1974 ll
505 1945 535 1967 15
555 1941 623 1968 item
644 1964 648 1969 .
665 1964 670 1969 .
687 1964 692 1969 .
712 1942 817 1976 pabula
835 1943 906 1969 fetas
927 1952 975 1970 om.
996 1944 1048 1978 ΗΙΙ
1064 1948 1096 1971 16
1116 1945 1145 1971 in
1164 1946 1213 1972 illo
1233 1947 1294 1973 loco
1313 1948 1340 1973 B
1352 1949 1385 1974 M
1399 1951 1407 1982 ξ’

130 1977 162 2000 17
183 1983 249 2008 ergo
274 1996 279 2001 .
301 1997 306 2002 .
327 1996 333 2002 .
357 1975 428 2002 fetas
448 1984 496 2002 om.
516 1977 542 2002 L
565 1978 606 2009 (in
625 1986 709 2011 mai-q.
731 1978 793 2004 adel.
814 1979 833 2011 l)
856 1979 865 2012 ΙΙ
889 1979 1013 2013 epiffieto
1037 1981 1078 2006 K:
1107 1981 1252 2014 epitheton
1271 1983 1408 2009 BLHM

129 2010 256 2043 epitheta
275 2010 329 2036 duo
349 2011 372 2037 G
388 2012 397 2044 ΙΙ
422 2014 454 2037 18
474 2013 502 2038 et
521 2020 568 2037 om.
590 2013 619 2038 K
637 2013 646 2046 ΙΙ
671 2016 702 2039 19
722 2013 839 2040 dicimus
858 2023 907 2040 om.
927 2015 958 2040 K
975 2016 983 2048 ΙΙ
1006 2016 1035 2041 et
1054 2016 1156 2042 bonum
1175 2017 1326 2044 B0*HM
1346 2020 1355 2052 11
1379 2020 1407 2045 et

130 2054 178 2071 om.
199 2046 231 2071 K
242 2047 251 2079 ΙΙ
273 2049 305 2071 ‘20
325 2047 436 2080 genere]
457 2048 486 2072 et
505 2056 590 2080 genus
609 2056 659 2081 pro
680 2049 771 2082 specie
791 2050 853 2076 add.
873 2050 900 2075 B
913 2051 922 2083 ΙΙ
936 2050 1045 2084 legerat
1062 2052 1137 2085 apud
1156 2052 1289 2088 Ennium]
1310 2055 1406 2081 ennius

129 2081 267 2114 ΒΜ1121
289 2083 318 2108 et
338 2103 342 2108 .
359 2102 364 2106 .
382 2104 386 2108 .
406 2081 496 2108 ventis
516 2091 564 2108 om.
580 2083 616 2109 K.
631 2084 641 2116 ss
656 2086 688 2109 23
708 2084 745 2110 ad
762 2092 786 2111 v.
802 2087 835 2110 52
855 2085 995 2120 Aeoliam]
1015 2095 1065 2120 pro
1084 2088 1113 2113 in
1132 2088 1268 2115 Aeoliam.
1307 2098 1406 2116 nouem

128 2117 222 2142 autem
242 2117 349 2143 insulae
374 2125 445 2150 quae
469 2119 534 2144 sunt
559 2118 632 2144 cirea
655 2118 757 2145 fretum
782 2119 895 2146 Siciliae
919 2121 1096 2154 appellantur
1119 2123 1233 2150 Aeoliae
1258 2124 1293 2150 ab
1318 2125 1405 2151 Aeolo

128 2160 204 2185 rege,
228 2152 295 2178 licet
313 2153 425 2186 propria
444 2153 556 2179 nomina
575 2153 704 2180 habeant.
741 2154 829 2180 Varro
849 2156 1029 2182 autemdicit
1046 2157 1120 2184 hunc
1138 2158 1291 2185 insularum
1311 2169 1404 2194 regem

1441 688 1472 711 10

1438 954 1469 976 15

1434 1221 1466 1243 20

128 2187 226 2220 fnisse,
255 2196 288 2214 ex
314 2196 430 2221 quarum
454 2188 562 2214 nebulis
585 2210 589 2214 .
609 2210 614 2214 .
636 2211 641 2215 .
666 2190 698 2215 ut
721 2190 847 2223 superius
873 2190 934 2216 ‘hic
958 2190 1033 2217 illius
1057 2193 1159 2221 arma'.
1199 2194 1285 2221 Vasto
1310 2195 1402 2229 antro]
1428 2203 1431 2205 '

128 2222 244 2255 physica
262 2243 268 2248 .
289 2245 294 2250 .
316 2245 320 2249 .
341 2225 449 2250 ueteres
468 2224 624 2257 ponebant,
643 2225 672 2250 et
691 2224 774 2250 etiam
793 2234 843 2258 pro
863 2234 972 2259 magno.
1011 2226 1123 2254 Clodius
1142 2231 1404 2256 commentariorum

131 2258 227 2284 ‘uasta
244 2258 340 2285 inania
358 2260 485 2293 magna’.
504 2259 531 2284 P
543 2260 552 2293 ΙΙ
566 2269 644 2285 veum
664 2260 696 2285 ut
714 2260 825 2286 Italiam
844 2260 902 2287 fato
919 2261 941 2287 Ο
953 2262 962 2295 ΙΙ
976 2270 1075 2289 nouem
1090 2266 1184 2290 autem
1201 2265 1223 2291 C
1235 2266 1244 2298 Η
1258 2265 1331 2291 circa
1349 2265 1404 2291 fre-

128 2294 187 2318 tum
208 2294 230 2319 C
258 2302 342 2328 prope
362 2294 463 2320 fretum
484 2294 626 2321 Cluverius
645 2295 722 2322 Sicil.
741 2298 797 2322 ant.
818 2296 842 2321 ΙΙ
862 2299 896 2322 14
910 2305 939 2330 p.
960 2300 1010 2323 412
1029 2299 1038 2332 ΙΙ
1062 2302 1095 2324 24
1115 2300 1330 2333 appellabantur
1348 2301 1379 2326 K
1402 2302 1403 2320 ἶ

129 2329 306 2361 appellantur
326 2329 439 2356 Aeoliae
459 2338 507 2355 om.
528 2331 552 2355 L
573 2331 645 2363 (aad.
666 2331 683 2364 I)
697 2331 706 2363 ΙΙ
725 2330 864 2364 Hippotae
884 2332 939 2358 filio
959 2341 1009 2359 om.
1029 2334 1061 2359 Κ
1065 2333 1088 2359 0

184 2377 256 2396 Servii
270 2384 349 2398 comm.
366 2379 414 2398 Vol.
430 2380 448 2397 I.
464 2379 528 2399 Fasc.
543 2380 561 2398 I.
1175 2382 1190 2404 3
