1690 2611
450 104 561 131 COMM.
582 105 620 130 IN
639 104 747 130 VERG.
768 104 849 130 AEN.
871 105 889 130 Ι.
911 107 1059 131 206—211.
1351 103 1390 133 81

118 183 245 223 ‘aeger’
271 186 320 214 est
344 186 376 215 et
399 185 504 216 tristis
525 187 556 216 et
579 185 662 216 male
683 185 808 225 valens,
832 186 982 224 aegrotus
1004 187 1111 215 autem
1132 185 1199 215 sive
1219 186 1394 225 aegrotans

79 275 85 280 ⁴
116 237 339 268 tantummodo
364 238 447 269 male
472 239 591 269 valens.

205 290 278 321 209.
312 299 402 321 SPEM
427 291 601 332 laetitiam,
624 294 659 322 ut
679 301 776 331 spem
802 292 926 330 fronte
953 294 1116 321 serenat..-
1145 294 1176 322 et
1205 294 1254 321 est
1283 291 1394 322 crebra

116 343 201 383 apud
229 343 412 385 Vergilium
440 345 557 385 figura,
588 355 668 385 quae
700 345 736 375 fit
768 345 916 385 quotiens
946 344 1146 385 significatur
1175 344 1214 375 ab
1245 356 1281 375 eo
1311 344 1394 385 quod

116 397 278 436 praecedit
306 397 338 428 id
363 397 448 438 quod
472 398 629 439 sequitur,
658 409 732 428 nam
761 409 852 438 spem
881 397 1007 429 laetitia
1036 397 1193 437 sequitur:
1223 409 1294 437 spes
1319 409 1394 429 vero

116 449 150 480 in
173 450 265 481 vultu
288 462 353 482 non
378 451 516 491 videtur,
542 450 597 481 sed
622 450 758 482 laetitia.
795 451 875 482 haec
899 453 1005 481 autem
1031 450 1136 490 figura
1160 452 1192 480 et
1216 462 1308 481 versa
1328 452 1395 482 vice

116 503 166 544 fit,
199 505 235 534 ut
267 504 496 545 intellegamus
532 504 573 535 ab
607 515 644 535 eo
679 504 762 545 quod
796 504 942 545 sequitur
972 503 1005 534 id
1035 504 1118 544 quod
1152 504 1326 544 praecedit,
1361 508 1396 535 ut

117 557 355 598 meritaeque
387 559 592 598 expectent
624 558 795 598 praemia
826 558 975 598 palmae
1010 557 1152 598 palmam
1186 568 1244 597 pro
1278 557 1396 588 virtute

116 610 237 651 posuit,
262 621 342 651 quae
366 610 545 651 praemium
569 612 710 642 meretur
734 612 766 641 et
790 611 940 651 palmam.

205 664 278 694 210.
302 672 465 694 PRAEDAE
481 663 522 694 ad
536 664 705 705 praedam,
721 666 756 695 ut
776 664 1015 705 inferretque
1036 664 1126 695 deos
1143 663 1262 694 Latio.
1339 674 1394 695 Ac-

117 724 270 747 CINGVNT
290 717 433 748 studiose
454 719 583 757 parant,
603 719 639 748 ut
659 717 739 748 alibi
759 718 965 758 accingunt
985 718 1106 758 operi3
1131 717 1290 748 accinctos
1311 718 1396 748 eniin

116 769 292 800 industrios
312 769 460 810 dicimus,
484 772 520 800 ut
534 769 689 802 Horatius
710 771 829 802 altius
854 782 895 802 ac
918 782 986 802 nos
1011 770 1248 811 praecinctis
1272 782 1397 811 unum,

116 822 198 853 sicut
223 824 353 853 econtra
377 823 581 864 neclegentes
606 824 778 855 discinctos
804 835 971 865 vocamus,
1003 826 1036 855 ut
1061 823 1273 855 discinctos
1298 824 1394 855 Mul-

116 876 222 907 ciber
251 876 374 907 Afros.
471 886 689 914 DAPIBVSQVE
720 886 864 909 FVTx'Ris
895 878 1066 909 ambitiose
1098 877 1180 908 dixit
1209 877 1293 918 quod
1323 880 1396 909 sunt

117 929 202 960 cervi
227 929 323 970 dapes
348 930 484 961 futurae.

202 984 275 1014 211.
310 992 377 1014 TE}
380 992 401 1014 (¹
405 992 449 1014 01
452 993 473 1014 Α
498 987 608 1024 tergus
628 984 782 1025 tergoris,
804 984 886 1016 unde
907 987 939 1015 et
958 985 1120 1025 tergora
1123 1010 1130 1025 ,
1156 985 1277 1015 corium
1297 985 1395 1025 signi-

114 1036 201 1077 ficat,
225 1038 354 1077 tergum
378 1048 454 1067 vero
479 1037 576 1078 tergi,
601 1040 637 1068 ut
661 1038 816 1078 templum
847 1039 975 1079 templi,
1003 1038 1135 1069 dorsum
1160 1038 1336 1078 significat,
1360 1040 1396 1069 ut

114 1087 286 1120 Sallustius
313 1090 466 1121 scilicet
491 1090 580 1130 quia
603 1091 726 1131 tergis
752 1091 982 1123 abstinetur.
1028 1092 1081 1122 sed
1107 1091 1178 1122 hacc
1207 1102 1227 1122 α
1250 1091 1396 1122 ceteribus

113 1142 390 1183 confundebantur,
423 1146 457 1173 ut
488 1144 565 1174 alibi
598 1145 749 1175 mimano
782 1147 958 1184 quantum
985 1148 1135 1185 possent
1165 1145 1395 1176 cz'rczmndare

114 1198 219 1236 teryo.
265 1197 336 1227 item
364 1197 398 1228 in
426 1206 505 1228 nono
536 1198 671 1237 inyerit
698 1197 824 1229 hastas
855 1199 891 1229 in
920 1201 1049 1238 feryus.
1100 1199 1227 1238 quidam
1251 1209 1322 1229 mox
1346 1199 1393 1229 ‹le-

114 1251 212 1280 tracta
236 1250 320 1280 coria
333 1250 427 1290 pelles
445 1251 519 1290 dici,
542 1251 667 1281 ,subacta
691 1254 792 1282 autem
811 1254 839 1282 ct
857 1253 921 1282 iam
940 1252 1087 1283 medicata
1108 1252 1192 1282 coria
1210 1252 1394 1291 appellanda

184 1367 199 1389 3
220 1364 309 1397 spem]
335 1364 366 1389 A.
387 1364 424 1389 IV
443 1367 494 1390 477
519 1366 527 1397 ΙΙ
552 1368 567 1390 8
592 1364 775 1398 meritaeque]
801 1366 832 1391 A
859 1365 882 1390 V
908 1368 940 1391 ΤΟ
963 1366 972 1397 ΙΙ
997 1369 1029 1390 10
1054 1365 1235 1399 inferretque]
1261 1366 1292 1391 A
1318 1365 1327 1390 I
1353 1369 1368 1391 6
1394 1372 1395 1381 ¹

114 1408 264 1425 umnevm·
283 1399 405 1425 studiose
426 1407 448 1426 e.
464 1408 489 1432 q.
507 1400 539 1434 s.]
566 1400 598 1426 cf.
620 1400 688 1426 Don.
708 1400 744 1426 ad
764 1400 825 1426 Ter.
847 1408 907 1426 eun.
929 1400 952 1425 V
973 1404 996 1433 S,
1018 1404 1050 1426 30
1075 1402 1103 1426 et
1126 1400 1237 1427 Phorm.
1259 1401 1282 1426 ΙΙ
1303 1404 1332 1431 2,
1353 1403 1389 1426 4¹

117 1437 147 1460 11
169 1434 329 1468 accingunt]
349 1435 380 1460 A.
402 1435 426 1460 Ι[
446 1438 497 1460 235
512 1436 521 1467 ΙΙ
538 1438 568 1461 12
589 1435 732 1470 Horatius]
753 1437 803 1462 sat
819 1436 830 1461 I
850 1439 874 1467 5,
895 1437 933 1469 511
950 1439 981 1461 13
1002 1436 1164 1470 discinctos]
1185 1437 1217 1461 A.
1238 1436 1260 1461 V
1264 1436 1301 1461 111
1322 1410 1396 1468 73411

117 1473 148 1496 16
168 1471 262 1503 tergus
281 1470 398 1503 tergoris
418 1478 441 1496 e
457 1480 481 1503 q.
499 1470 532 1504 s.]
553 1471 586 1496 cf
603 1470 707 1496 (haris.
728 1481 753 1505 p.
771 1474 811 1502 71
832 1474 865 1496 ‘20
886 1472 914 1497 et
935 1475 993 1503 14ss
1013 1475 1028 1497 3
1049 1472 1081 1497 K
1107 1472 1135 1497 et
1160 1471 1299 1497 1sid.diff
1320 1472 1395 1498 verb.

115 1508 165 1531 502
190 1507 198 1539 ΙΙ
222 1505 382 1539 Sallustius]
404 1514 440 1531 or.
462 1506 547 1532 Macri
574 1508 607 1532 tr.
633 1506 669 1540 pl.
691 1510 724 1533 26
749 1516 774 1539 p
801 1510 851 1532 292
877 1506 960 1532 Kritz.
985 1492 996 1546 1]
1020 1511 1050 1533 19
1075 1507 1197 1541 taurino]
1224 1507 1255 1532 A.
1280 1507 1291 1532 I
1317 1510 1368 1533 368
1394 1508 1396 1539 Ῐ

115 1544 148 1567 20
171 1540 286 1575 ingerit]
307 1542 338 1566 A.
359 1541 396 1566 IX
417 1544 467 1567 760
491 1542 499 1574 ΙΙ
524 1541 636 1574 quidam
658 1563 662 1568 .
681 1563 686 1568 .
703 1563 707 1568 .
728 1542 852 1576 tradunt]
873 1542 936 1569 Isid.
957 1542 1025 1576 orig.
1044 1542 1084 1568 -XI
1105 1546 1128 1575 1,
1150 1546 1181 1568 79

187 1650 202 1672 3
223 1648 259 1673 ud
279 1655 301 1672 r.
317 1650 367 1672 209
389 1647 484 1681 Spem]
506 1647 643 1674 laetitiam
664 1669 669 1673 .
686 1668 690 1673 .
709 1670 713 1674 .
735 1650 851 1674 serenat.
868 1649 903 1674 ’11)
924 1657 955 1675 eo
971 1649 1046 1681 quod
1063 1648 1207 1681 praecedit
1222 1648 1250 1673 id
1265 1648 1338 1681 quod
1354 1657 1394 1674 sc-

116 1681 210 1715 quitur
229 1682 413 1715 significatum
434 1691 498 1708 nam
519 1692 595 1716 spem
617 1706 621 1710 .
688 1684 803 1710 laetitia.
827 1684 853 1709 1¹
870 1686 879 1717 ss
898 1688 914 1724 6
935 1684 963 1710 111
983 1684 1192 1716 0111..H]]haec
1212 1684 1318 1717 autem]
1340 1684 1394 1709 han

116 1726 200 1743 causa
219 1718 250 1743 K
254 1703 279 1750 ι,ΙΙ
303 1721 317 1743 8
343 1719 504 1751 exspectent
523 1719 581 1744 110
602 1720 610 1752 ΙΙ
634 1723 649 1744 9
670 1719 837 1753 praemium]
862 1719 982 1753 primum
1003 1720 1026 1745 C
1048 1720 1202 1752 Stephanus
1225 1720 1234 1751 ΙΙ
1257 1719 1297 1752 et]
1318 1720 1350 1745 ut
1368 1719 1394 1744 B

116 1752 145 1778 id
165 1754 207 1779 est
227 1753 381 1779 mast-icius
395 1754 404 1786 ss
419 1754 446 1779 et
465 1753 587 1787 palmam
608 1763 656 1780 oin.
679 1754 701 1780 O
714 1755 722 1787 ΙΙ
737 1755 861 1788 palmam
880 1756 944 1788 post
963 1755 1066 1788 accipit
1086 1755 1240 1794 Stephanus
1255 1757 1278 1779 et
1294 1755 1314 1779 Ι
1317 1754 1394 1780 abri—

117 1788 175 1813 cius
189 1789 198 1821 ss
214 1791 245 1813 10
265 1789 301 1814 ad
320 1792 410 1815 1210
428 1788 564 1823 Piaedae]
585 1790 620 1816 ad
641 1790 773 1823 praedam
793 1811 799 1817 .
816 1811 820 1816 .
838 1811 843 1816 .
863 1792 972 1824 parant
993 1790 1132 1816 accinctos
1152 1789 1225 1815 enim
1245 1789 1394 1816 industrios

115 1823 240 1850 dicimus
269 1824 446 1857 Dapibusque
465 1824 576 1859 futuris]
601 1825 746 1851 ambitiose
768 1847 795 1852 .,
838 1826 955 1852 futurae
980 1826 1005 1851 I
1017 1827 1026 1858 ΙΙ
1040 1835 1191 1851 AUCINGVNI
1210 1828 1233 1851 et
1254 1828 1285 1850 11
1301 1825 1393 1851 adcin

117 1859 187 1891 gunt
206 1861 229 1884 ct
248 1858 390 1885 adcinctos
409 1860 441 1884 K
452 1861 461 1892 Η
477 1863 508 1885 12
529 1862 560 1886 ut
579 1860 709 1886 Horatius
731 1882 735 1886 .
801 1861 936 1887 Mulciber
956 1862 1036 1887 Afros
1056 1870 1104 1887 om.
1125 1861 1151 1887 B
1166 1862 1175 1894 l]
1194 1869 1227 1886 ac
1245 1869 1296 1887 nos
1315 1869 1392 1893 prae

116 1893 213 1920 cinctis
232 1903 317 1919 unum
336 1894 377 1919 K:
404 1903 435 1920 ac
455 1904 504 1921 nos
524 1896 675 1929 praecintis
700 1896 722 1922 (J
744 1882 924 1930 (praecingtis
946 1896 983 1922 O‘-
974 1901 992 1929 -)
1018 1897 1172 1923 accinctum
1198 1905 1283 1921 unum
1303 1896 1327 1921 L
1351 1898 1393 1929 (ac

115 1938 188 1955 nunc
207 1929 359 1962 praecincti
380 1929 465 1956 simus
485 1931 503 1963 l)
528 1939 561 1957 ac
580 1940 652 1957 nunc
672 1941 756 1957 unum
780 1932 947 1965 praecinctis
968 1933 1001 1958 H
1024 1941 1057 1958 ac
1076 1941 1148 1958 nunc
1172 1931 1288 1958 accincti
1310 1932 1394 1957 simus

117 1965 153 1990 M
175 1966 183 1998 {l
208 1967 239 1990 13
267 1965 364 1990 contra
387 1965 455 1990 ΛΗ
474 1967 483 1999 11
505 1966 683 2000 neclegentes
709 1967 940 2001 KC:11egentes
966 1968 991 1993 L
1019 1968 1199 2001 neglegentes
1226 1966 1358 1993 ΗΜΙΟ“
1385 1968 1394 2000 11

117 2003 149 2025 14
164 2000 253 2026 Afros
287 2001 318 2025 ut
332 2000 486 2026 Horatius
478 2010 507 2026 m
522 2002 611 2035 epodo
627 2003 704 2036 (133)
721 2011 774 2035 quo
792 2003 877 2045 ‘quod
892 2004 941 2029 aut
955 2012 1054 2030 auarus
1072 2003 1202 2029 Chremes
1216 2004 1318 2028 terram
1334 2010 1392 2035 pre-

116 2044 200 2068 mam,
212 2035 362 2061 discinctus
378 2036 426 2061 aut
440 2036 555 2069 perdam
568 2038 675 2071 nepos’,
690 2038 722 2064 ut
731 2046 830 2071 graece
842 2036 957 2071 εὔζωνοι
968 2038 1091 2072 expediti
1106 2038 1243 2064 dicuntur.
1254 2038 1283 2063 D
1297 2039 1305 2071 ΙΙ
1320 2037 1392 2071 quod

594 2087 607 2100 a

161 2106 312 2140 .futurae]
341 2106 408 2147 quid
435 2106 506 2132 sicut
531 2107 629 2133 sei-uiri
655 2107 740 2141 dapes
766 2109 875 2135 futurae
901 2110 927 2134 B
951 2110 959 2142 ΙΙ
983 2109 1057 2142 quod
1078 2109 1132 2135 GP
1150 2109 1206 2140 (secl
1225 2117 1240 2135 o
1262 2109 1391 2134 incertum

115 2151 182 2167 num
202 2151 219 2168 a
237 2150 322 2168 manu
337 2151 431 2175 przma
449 2142 485 2168 sit
504 2142 534 2167 in
554 2142 598 2174 C'):
624 2142 689 2176 quid
708 2143 868 2178 KLHMH
883 2144 937 2170 sint
965 2144 1012 2177 ΡΗ
1030 2148 1060 2170 16
1085 2145 1122 2170 acl
1140 2152 1164 2170 v.
1184 2147 1234 2170 211
1256 2143 1390 2177 Tergora]

115 2179 210 2211 tergus
228 2177 347 2211 tergoris
368 2177 482 2211 (risque)
503 2177 641 2211 significat
659 2178 777 2212 corium,
800 2180 911 2213 tergum
930 2188 996 2205 uero
1016 2179 1088 2213 tergi
1111 2179 1224 2206 dorsum
1244 2179 1389 2212 significat.

117 2198 175 2238 sed.³²
184 2213 253 2239 haec
273 2221 290 2238 a
308 2212 449 2239 ueteribus
469 2212 709 2239 confundebantur
734 2215 791 2240 ut
830 2216 943 2249 ..tergo
980 2215 1107 2249 Viscera]
1132 2224 1188 2241 non
1209 2215 1319 2240 tantum
1340 2235 1344 2239 .
1362 2235 1366 2240 .
1385 2234 1389 2238 .

116 2249 165 2274 est.
203 2249 245 2274 est
269 2249 362 2274 autem
461 2248 582 2274 uisceris.
610 2248 637 2274 P
658 2250 667 2281 11
692 2252 722 2274 17
749 2250 777 2275 et
807 2250 827 2275 si
831 2250 945 2283 gnificat
969 2250 1081 2276 dorsum
1105 2250 1128 2276 C
1149 2252 1158 2283 ΙΙ
1183 2254 1214 2276 19
1243 2249 1391 2276 confunde-

116 2283 198 2310 batur
218 2283 241 2309 0
258 2285 336 2317 (corno
358 2283 401 2317 0²)
421 2285 430 2317 fl
449 2283 517 2310 alibi
536 2292 585 2310 om.
608 2283 635 2309 P
647 2284 656 2317 ΙΙ
674 2285 768 2323 posset
788 2284 843 2311 GP
855 2287 863 2319 ΙΙ
883 2288 916 2312 20
935 2285 1020 2320 nono]
1040 2285 1187 2312 undecimo
1208 2285 1230 2311 C
1242 2286 1251 2318 l]
1269 2287 1301 2310 21
1323 2284 1390 2318 dici]

117 2318 165 2344 diu
182 2319 289 2352 vulyol
285 2319 294 2351 ΙΙ
317 2319 392 2345 coria
411 2327 443 2345 es:
463 2318 539 2345 curia
559 2319 581 2344 O

168 2367 241 2386 Servii
256 2373 335 2387 comm
352 2368 401 2387 Vol
416 2368 435 2387 Ι.
451 2368 496 2387 Fas
487 2374 516 2387 sc
532 2368 1178 2389 1.ss

1418 668 1448 690 10

1417 934 1448 956 15

1414 1200 1448 1222 20
