1690 2611
199 126 245 153 XC
728 124 942 152 PRAEFATIO.

201 210 265 241 uim
288 219 351 240 rem
375 209 510 240 alienam
536 211 640 240 tencre.
684 219 722 240 ex
746 207 806 239 hoc
832 207 940 239 codice
964 207 1114 238 videntur
1129 207 1234 247 petita
1258 218 1326 238 esse
1351 218 1431 249 quae
1447 207 1477 239 V

202 265 280 295 nota
305 263 435 303 signata
450 262 657 294 Burmannus
683 262 721 293 ad
737 261 957 293 bucolicorum
973 260 1198 303 georgicorum
1215 259 1366 292 Aeneidis
1382 261 1478 302 primi

200 317 277 348 libri
300 317 442 348 ineuntis
467 316 717 348 commentarios
743 314 923 356 adscripsit.
966 325 1041 345 nam
1058 314 1109 345 vix
1125 315 1233 355 potest
1257 324 1334 345 casu
1356 314 1478 346 factum

201 381 270 402 esse
296 373 331 401 ut
357 371 397 402 ab
423 371 468 401 eis
493 370 560 401 fere
589 369 695 401 verbis
726 380 806 410 quae
824 368 1046 410 'Rutgersiani
1074 367 1150 398 libri
1179 368 1323 398 extrema
1351 369 1426 398 sunt
1448 367 1479 399 V

201 424 320 456 codicis
345 424 379 454 in
402 422 581 455 Burmanni
606 423 765 464 adparatu
796 421 1061 453 commemoratio
1093 420 1228 452 desinat.
1256 439 1292 442 —
1319 420 1479 452 Vossia-

201 489 270 509 nus
295 478 338 509 25
362 477 496 508 membr.
520 476 573 508 fol.
601 487 681 507 saec
707 475 752 506 XI
776 475 876 506 habet
904 474 1045 516 Vergilii
1074 474 1217 505 carmina
1241 474 1357 515 quibus
1378 473 1481 506 Servii

202 531 426 563 commentarii
450 531 483 562 in
508 529 711 572 marginibus
736 528 837 559 additi
867 530 952 559 sunt.
994 528 1187 569 inscriptum
1217 529 1266 559 est
1294 527 1480 559 maiusculis

202 585 320 617 litteris
347 585 559 617 Cowmzcntum
583 583 684 615 Servii
710 583 741 614 iu
766 582 907 614 bucolicis
926 581 962 613 P.
988 581 1018 613 V
1017 581 1114 622 iryilii
1137 581 1284 612 Illaronis
1307 581 1418 621 incipit
1437 582 1480 621 fe-

203 639 312 679 liciter,
337 639 556 679 subscriptum
582 637 793 669 Cmmnentztm
822 635 924 667 Servii
949 635 1148 676 yrammaiici
1177 635 1210 666 in
1240 635 1374 666 bucolica
1399 645 1482 675 (seor-

199 694 269 734 [sica
293 693 436 724 Heneicla
452 691 527 733 (sic)
544 690 650 722 Publii
664 690 810 721 IIIaronis
834 689 1010 729 explicitum
1033 689 1169 728 feliciter.
1211 688 1245 719 in
1265 688 1379 720 charta
1397 688 1482 719 libro

203 747 347 788 praefixa
370 746 450 777 haec
475 745 596 785 scripta
619 743 727 775 inveni
753 742 917 774 ‘Servium
940 742 1025 774 hunc
1041 742 1179 774 contulit
1193 741 1347 773 Heinsius
1373 744 1404 773 et
1427 753 1482 774 no-

204 800 286 832 tavit
311 800 421 831 littera
446 798 475 829 V
501 800 532 830 et
557 797 685 829 notavit
713 796 738 828 L
768 795 909 837 littera',
939 796 992 827 sed
1018 795 1189 827 ‘Heinsius
1213 821 1220 828 .
1240 821 1246 827 .
1269 821 1276 827 .
1298 795 1324 826 L
1355 795 1482 827 littera'

205 854 303 885 verba
327 855 402 894 post
428 853 532 883 deleta
558 854 641 883 sunt.
684 850 878 882 Thomasius
902 850 989 881 hunc
1009 849 1150 881 codicem
1171 861 1189 881 a
1204 850 1390 881 Burmanno
1406 849 1484 881 Vos.

205 908 224 939 i.
249 919 273 938 e.
300 907 497 938 Vossianum
526 905 682 947 appellari
707 904 797 936 vidit.
826 922 861 926 —
889 915 952 935 mS.
976 904 1041 935 lat.
1066 903 1156 934 bibl.
1180 903 1282 944 publ.
1307 904 1326 934 5
1351 903 1484 935 membr.

205 962 259 992 fol.
284 971 366 992 saec.
391 959 462 991 XII.
499 959 554 991 fol.
581 959 688 990 1--65
717 958 856 999 Vergilii
889 957 1046 998 carmina,
1074 957 1128 988 fol.
1151 957 1303 988 66—173
1329 956 1431 988 Servii
1455 957 1488 988 in

206 1014 396 1055 Aeneidem,
420 1013 580 1054 bucolica,
605 1022 715 1054 georg.
729 1011 838 1043 I—III
854 1012 919 1042 474
935 1010 1168 1042 commentarii.
1202 1010 1369 1051 inscriptio
1385 1010 1490 1042 Marii

205 1068 307 1100 Serrii
322 1067 522 1108 grammatici
545 1067 654 1106 incipit
678 1066 752 1097 liber
770 1066 896 1106 primus
919 1065 953 1096 in
969 1065 1148 1102 Aeneidem,
1173 1064 1369 1105 subscriptio
1385 1063 1488 1095 Marii

206 1123 307 1155 Servii
327 1122 527 1162 yrammatici
558 1121 592 1152 in
621 1120 787 1151 Aeneidem
816 1119 923 1150 Publii
958 1118 1083 1159 Vir-qnia?
1106 1118 1254 1149 Illarom's
1285 1117 1359 1149 liber
1382 1117 1489 1149 duode-

206 1178 303 1209 cimus
326 1176 457 1216 explicit.
499 1175 554 1206 fol.
582 1175 608 1206 1.
633 1174 712 1206 haec
737 1174 891 1215 leguntur
921 1171 1085 1204 ‘Servium
1114 1172 1199 1203 hunc
1223 1171 1360 1202 contulit
1384 1170 1489 1202 Nicol.

207 1230 361 1262 Heinsius
387 1232 419 1261 et
443 1229 570 1261 notavit
594 1228 705 1259 littera
729 1227 768 1259 V.
779 1226 825 1259 L.’

296 1284 440 1326 Regius
466 1281 532 1325 (R)
559 1282 737 1313 Burmanni
762 1281 896 1312 membr.
921 1280 975 1312 fol.
1001 1290 1084 1311 saec.
1108 1279 1154 1310 XI
1178 1279 1229 1310 vel
1254 1278 1326 1319 XII,
1351 1277 1489 1319 Vergilii

208 1338 352 1370 carmina
376 1349 448 1369 cum
474 1336 577 1368 Servii
603 1335 793 1368 commentis
819 1334 1000 1374 continens,
1024 1333 1119 1364 hodie
1144 1333 1177 1364 in
1200 1332 1349 1364 Parisina
1372 1331 1489 1363 biblio-

209 1393 303 1424 theca
328 1394 390 1432 est,
416 1391 572 1432 supplem.
596 1390 652 1421 lat.
679 1390 751 1430 165,
776 1389 805 1420 3.
830 1388 868 1420 cf.
894 1399 973 1419 mus.
998 1387 1100 1418 Rhen.
1124 1386 1202 1417 XIV
1227 1398 1257 1427 p.
1283 1386 1356 1417 539.

298 1444 601 1478 Daventriensis
640 1443 752 1484 codex,
781 1443 818 1474 de
848 1453 910 1484 quo
940 1452 1042 1482 nuper
1067 1439 1109 1483 (a.
1141 1439 1240 1481 1871)
1269 1439 1293 1471 Ι.
1321 1439 1344 1471 Ι,
1374 1438 1490 1470 Corne-

208 1500 307 1531 lissen
332 1499 443 1530 libello
469 1499 523 1540 qui
548 1497 735 1529 inscribitur
756 1495 902 1527 ‘Codicis
918 1494 1164 1527 Daventriensis
1189 1492 1403 1525 vetustissimi
1420 1492 1489 1524 Ser-

208 1553 254 1584 vii
279 1552 530 1584 commentarios
555 1551 752 1582 continentis
777 1549 884 1581 brevis
909 1547 1100 1589 descriptio'
1130 1549 1280 1579 accurate
1305 1546 1491 1588 disputavit,

211 1607 475 1638 membranaceus
501 1607 550 1637 est
574 1604 693 1636 saeculi
718 1604 773 1636 XI.
817 1614 854 1634 ex
885 1613 921 1634 eo
947 1613 1028 1644 quae
1053 1602 1102 1634 vir
1125 1601 1182 1632 ille
1207 1601 1318 1632 doctus
1343 1599 1491 1631 enotavit

211 1664 243 1692 et
263 1672 292 1702 p.
308 1661 327 1692 9
344 1671 411 1702 sqq.
436 1659 537 1691 edidit
561 1670 633 1690 cum
649 1657 866 1699 Frisingensis
883 1656 1051 1697 scripturis
1076 1655 1121 1686 ita
1146 1654 1327 1686 consentire
1351 1653 1432 1694 vidi,
1456 1654 1492 1684 ut

211 1714 370 1756 explenda
395 1725 432 1745 ea
456 1713 639 1745 conlatione
665 1711 865 1753 supersederi
890 1721 984 1752 posse
1009 1709 1198 1750 putaverim.

300 1767 488 1799 Metensis
513 1766 731 1798 bibliothecae
756 1765 854 1797 codex
880 1765 943 1796 292
969 1762 1231 1794 membranaceus
1253 1772 1333 1792 saec.
1353 1760 1382 1791 X
1406 1762 1491 1792 cata-

212 1823 307 1864 logue
332 1821 387 1853 des
412 1832 488 1852 mss.
513 1820 568 1852 des
593 1820 832 1861 departements
858 1818 887 1849 V
907 1829 936 1859 p.
955 1817 1016 1848 125
1041 1827 1059 1847 a
1084 1815 1290 1853 Quicheratio
1314 1814 1492 1855 descriptus

213 1878 270 1907 est.
314 1875 466 1907 Aeneidis
492 1873 744 1906 commentarius
775 1872 814 1903 ab
843 1871 894 1902 his
924 1870 1031 1902 verbis
1055 1869 1170 1910 incipit
1203 1867 1231 1910 (I
1260 1867 1294 1910 4>
1324 1868 1493 1900 Memorem

215 1930 338 1962 iunonis
362 1929 397 1961 ob
421 1929 517 1968 fio-anes]
543 1930 660 1959 constat
675 1926 773 1958 mmm
788 1926 822 1957 ‘iu
846 1924 1021 1956 auctoribus
1046 1923 1193 1961 inveniri,
1219 1922 1337 1954 desinit
1350 1921 1413 1953 XII
1428 1921 1493 1953 474

214 1984 375 2023 Pio-uolat]
395 1994 453 2023 per
477 1992 608 2022 melanas
632 1981 714 2012 sedes
736 1980 821 2011 uolat
836 1989 910 2010 nam
924 1988 1007 2009 more
1030 1988 1084 2008 suo
1107 1976 1197 2008 uerbo
1221 1976 1304 2007 dedit
1326 1976 1493 2007 detractam

213 2038 333 2069 nomini
356 2036 622 2077 pracpositimwm.
671 2033 795 2072 Vawis]
827 2032 948 2073 mcc-quis
976 2034 1009 2063 ut
1036 2041 1137 2062 uacua
1172 2030 1256 2061 atria
1285 2029 1396 2061 lustrat
1426 2038 1491 2059 sau.

214 2103 295 2134 quae
325 2092 373 2122 vir
408 2090 614 2122 doctissimus
647 2100 662 2120 e
695 2086 925 2119 commentario
957 2085 997 2116 ad
1030 2097 1078 2116 vv.
1103 2085 1210 2116 4—27
1238 2095 1256 2114 a
1281 2080 1493 2123 Stephaniani

216 2144 409 2187 exemplaris
442 2143 603 2185 scriptura
634 2140 853 2183 discrepantia
879 2139 1023 2171 enotavit
1054 2138 1128 2170 huic
1160 2138 1242 2169 libro
1277 2146 1348 2167 cum
1372 2133 1493 2166 Caroli-

217 2198 349 2232 ruhensi
377 2198 439 2230 186
469 2197 645 2238 scripturas
675 2194 830 2236 quasdam
861 2203 1047 2225 communes
1077 2202 1147 2223 esse
1176 2187 1388 2230 ostendunt.¹)
1431 2198 1494 2228 qua

290 2324 315 2356 1)
336 2331 361 2357 p.
385 2325 425 2355 12,
449 2324 479 2347 18
499 2320 534 2346 ad
551 2327 670 2354 persona
690 2318 770 2345 addit
788 2319 833 2345 sed
853 2318 890 2344 ad
910 2317 1010 2350 locum,
1029 2325 1057 2350 p.
1080 2318 1124 2347 17,
1145 2317 1160 2341 2
1180 2314 1212 2341 cle
1232 2311 1350 2344 omittit,
1369 2320 1396 2346 p.
1416 2313 1459 2343 20,
1479 2313 1494 2336 2

217 2366 241 2390 ct
261 2364 329 2396 tria,
349 2372 374 2397 p.
396 2365 437 2395 91,
460 2364 491 2387 12
511 2360 634 2393 intcllcye
653 2359 773 2386 exhibet.
