1690 2611
674 103 889 130 PRAEFATIO.
1330 104 1417 130 XLIII

141 198 245 218 neam.
295 187 484 228 prudentius
517 186 660 217 Isidorus
695 185 806 216 ‘item’
840 185 1000 226 particula
1039 196 1115 216 usus
1150 188 1212 226 est,
1249 188 1285 216 ut
1317 186 1418 226 priori

144 240 281 272 alteram
305 240 496 271 adnecteret.

232 292 307 324 Non
335 305 398 325 uno
426 292 557 324 nomine
585 292 666 323 utile
696 294 745 322 est
773 302 960 332 comparare
989 292 1073 322 inter
1103 303 1135 322 se
1165 303 1245 333 quae
1274 292 1418 323 Isidorus

144 357 189 378 or.
213 346 290 377 XVI
314 347 357 377 24
381 346 419 377 de
443 346 562 377 electro
587 345 667 376 dixit
697 347 729 376 et
753 344 854 376 Servii
887 345 926 375 ad
950 344 1030 375 Aen.
1054 344 1134 375 VIII
1158 345 1221 376 402
1252 345 1419 377 scholium.

145 399 274 431 Servius
298 399 440 430 Plinium
471 410 505 430 se
536 399 626 439 sequi
650 399 834 439 profitetur,
867 400 962 439 atque
994 409 1074 439 quae
1104 398 1227 438 profert
1258 399 1305 430 ita
1335 410 1419 430 com-

145 455 261 494 parata
288 455 363 484 sunt
393 455 429 484 ut
458 451 605 483 Pliniana
631 461 802 493 agnoscas,
832 451 926 482 modo
956 462 1014 491 pro
1047 450 1198 491 ‘tribus’,
1230 452 1314 492 quod
1345 453 1421 483 libri

145 507 314 547 praebent,
339 505 526 548 ‘quattuor'
548 505 718 536 scribatur.
757 505 876 536 mirum
896 508 1002 536 tamen
1026 507 1075 535 est
1095 505 1179 545 quod
1198 505 1350 545 Isidorus,
1371 506 1421 536 cui

146 571 212 591 non
241 559 337 591 niodo
368 559 420 590 hic
450 559 483 590 in
514 569 647 590 numero
680 569 769 589 error
803 558 856 590 sed
894 558 991 589 verba
1021 558 1174 599 pleraque
1206 569 1277 588 cum
1311 558 1420 589 Servio

147 613 330 644 communia
364 614 452 653 sunt,
484 611 584 643 habet
621 612 779 652 quaedam
817 623 898 653 quae
938 611 1076 653 Vergilii
1114 611 1272 651 interpres
1306 612 1423 643 omisit.

148 677 245 707 quare
268 677 332 697 non
354 665 498 697 Isidorus
524 664 685 706 Servium,
711 666 766 697 sed
791 665 925 697 eundern
949 667 1082 706 uterque
1104 666 1268 695 auctorem
1293 668 1422 696 secutus

149 730 218 750 esse
242 719 380 759 videtur,
409 719 463 760 qui
487 719 554 760 ipse
579 730 595 750 e
619 718 705 750 Pinii
732 719 816 750 libro
845 730 904 750 sua
933 719 1148 758 derivaverat,
1176 718 1223 749 ita
1251 720 1361 749 tamen
1389 722 1425 750 ut

149 773 182 803 in
209 772 372 803 metallico
402 772 521 804 electro
550 773 694 813 partium
725 772 884 804 rationem
914 772 1012 813 paulo
1043 772 1136 803 aliter
1166 771 1321 802 definiret.
1359 771 1423 802 iam

150 836 224 857 vero
248 825 281 856 in
300 826 387 857 exit-u
413 825 557 857 Serviani
584 825 699 857 scholii
723 837 741 857 a
765 826 910 867 vulgatis
938 825 1030 856 libris
1060 825 1193 856 discedit
1212 823 1425 855 Floriacensis

151 878 260 919 codex,
290 878 344 919 qui
376 890 441 910 non
470 879 573 910 solum
603 879 681 910 haec
710 879 834 910 addidit
862 890 942 920 quae
977 890 1048 909 euin
1076 878 1263 909 Isidorianis
1293 888 1426 909 consen-

150 932 237 963 tiunt
259 934 287 962 et
309 932 351 963 ad
374 932 494 963 lumina
519 933 551 963 iu
570 933 704 964 convivio
724 933 839 970 clarius
853 943 931 964 auro
945 935 973 963 ct
991 934 1116 972 arqento
1137 931 1226 971 lucet,
1252 931 1307 962 sed
1329 931 1426 962 etiam

152 996 189 1016 ea
221 995 302 1026 quae
328 985 530 1028 antecedunt,
563 997 644 1026 quae
678 986 722 1017 sic
757 986 894 1017 eduntur
926 988 953 1017 et
986 987 1088 1017 varios
1120 986 1162 1016 acl
1196 985 1431 1017 similitudinem

153 1039 257 1077 [arcus
280 1039 425 1078 caelestis]
451 1039 549 1070 reddit
571 1039 694 1079 colores,
724 1051 813 1081 unus¹
829 1040 958 1081 integra
985 1039 1104 1070 habere
1133 1039 1269 1070 videtur.
1308 1039 1430 1070 scilicet

152 1092 250 1138 rerba
281 1103 362 1133 quae
394 1095 469 1123 sunt
502 1091 612 1123 ‘arcus
645 1092 809 1124 caelestis’
841 1104 913 1124 cum
943 1093 983 1124 ad
1013 1093 1207 1124 sententiam
1241 1092 1431 1133 explendam

152 1145 333 1177 necessaria
358 1145 436 1186 sint,
461 1145 666 1177 librariorum
686 1146 893 1187 neglegentia
908 1147 940 1177 in
955 1146 1097 1187 vulgatis
1117 1146 1209 1177 libris
1230 1145 1431 1177 intercidisse

153 1199 246 1230 dices.
285 1201 318 1230 at
341 1199 375 1229 in
399 1199 478 1230 meis
503 1199 665 1230 codicibus
694 1210 759 1230 non
784 1199 840 1230 ‘ad
865 1199 1124 1231 similitudinem’
1141 1200 1295 1241 scriptum
1315 1200 1432 1239 inveni,

154 1252 209 1283 sed
238 1251 293 1283 ‘ad
322 1251 635 1284 dissimilitudinem'
666 1253 699 1283 in
730 1251 905 1293 Regincnsi
935 1252 1143 1294 Sangallensi
1171 1252 1345 1293 Lipsiensi,
1374 1252 1430 1283 ‘ad

154 1305 460 1337 idisimilitudinem’
495 1306 528 1337 in
556 1306 808 1346 Hamburgensi.
852 1306 926 1337 inde
960 1306 1015 1337 ‘ad
1048 1306 1139 1337 iridis
1169 1305 1431 1337 similitudinem'

156 1358 304 1390 Servium
338 1359 505 1400 scripsisse
538 1360 674 1400 conicio,
708 1362 743 1391 ut
774 1360 928 1400 plenioris
963 1359 1187 1391 commentarii
1221 1362 1333 1390 auctor
1366 1370 1433 1390 cor-

156 1415 270 1453 ruptae
294 1412 480 1444 breviorum
504 1413 660 1444 librorum
682 1413 862 1454 scripturae
886 1413 1045 1444 medelam
1065 1413 1104 1444 ab
1124 1412 1248 1443 Isidoro
1273 1413 1433 1453 petiverit.

158 1477 255 1507 quam
280 1466 497 1497 coniecturam
523 1467 549 1497 si
574 1467 776 1507 probaveris,
806 1478 842 1497 ea
867 1478 993 1508 quoque
1018 1478 1098 1507 quae
1124 1465 1285 1497 Servianis
1315 1466 1348 1496 in
1372 1477 1435 1497 uno

157 1518 354 1558 Floriacensi
379 1519 584 1559 adglutinata
609 1522 683 1550 suut
714 1520 753 1550 ad
777 1519 937 1550 Isidorum
961 1519 1065 1550 redire
1090 1519 1184 1550 facile
1209 1519 1372 1550 concedes

246 1571 384 1613 Reliqua
408 1571 572 1603 Danielini
602 1573 822 1603 commentarii
850 1573 986 1612 scholia,
1015 1583 1095 1614 quae
1121 1572 1248 1613 quidem
1278 1572 1340 1603 huc
1368 1583 1436 1612 per-

157 1626 261 1657 tinere
285 1625 417 1666 dixeris,
447 1636 485 1656 ex
508 1625 623 1656 Isidori
648 1626 730 1657 libro
760 1625 908 1656 videntur
932 1626 1091 1666 exscripta
1116 1636 1194 1656 esse.
1232 1625 1438 1656 conferantur

159 1679 244 1710 inter
268 1689 300 1709 se
325 1678 404 1709 Aen.
428 1678 475 1709 XI
499 1678 564 1709 554
589 1681 620 1709 et
645 1689 690 1709 or.
714 1678 760 1709 VI
788 1679 842 1719 13,
867 1679 900 1719 33
924 1679 1004 1710 Aen.
1028 1679 1043 1709 I
1067 1678 1131 1709 416
1157 1681 1188 1709 et
1208 1690 1252 1710 or.
1268 1678 1313 1709 IX
1337 1679 1366 1718 2,
1381 1678 1437 1718 493

159 1733 240 1763 Aen.
262 1732 278 1762 I
301 1732 366 1763 490
391 1734 422 1762 et
446 1731 475 1762 X
500 1732 560 1763 651
588 1734 620 1762 et
645 1743 688 1763 or.
712 1731 806 1763 XVII
830 1733 864 1772 4,
889 1733 922 1772 83
946 1732 1024 1763 Aen.
1048 1732 1094 1763 IV
1122 1732 1180 1763 131
1208 1735 1239 1763 et
1264 1743 1307 1763 or.
1328 1730 1438 1762 XVIII

162 1786 195 1825 7,
218 1785 253 1825 43
278 1784 357 1815 Aen.
382 1784 428 1815 XI
459 1785 522 1816 144
547 1788 578 1815 et
603 1796 647 1816 or.
671 1785 748 1816 XIX
772 1785 827 1826 31,
853 1786 880 1816 8.
919 1785 1032 1816 decimi
1057 1785 1220 1827 originum
1245 1785 1318 1816 libri
1342 1784 1438 1825 parti—

162 1838 251 1868 culas
278 1837 356 1878 125,
384 1838 458 1879 159,
485 1838 546 1869 179
568 1849 648 1879 quae
668 1840 801 1879 propter
824 1850 931 1870 rerum
952 1839 1196 1869 similitudinem
1217 1850 1288 1869 cum
1308 1838 1438 1869 scholiis

164 1890 204 1921 ad
229 1890 308 1921 Aen.
331 1890 361 1921 X
390 1890 468 1929 302,
496 1890 558 1922 XII
585 1892 615 1932 7,
644 1891 723 1923 VIII
748 1892 811 1923 307
842 1892 980 1923 conferri
1008 1895 1158 1933 possunt,
1187 1894 1319 1933 propter
1347 1891 1438 1922 dissi-

164 1942 378 1974 militudinem
403 1944 574 1975 verborum
604 1956 670 1976 non
694 1947 771 1986 puto
802 1945 912 1976 Servio
938 1945 1055 1976 deberi.
1101 1945 1236 1986 denique
1268 1956 1348 1986 quae
1374 1945 1439 1975 vul-

165 1999 241 2037 gato
267 1995 307 2027 ad
331 2005 441 2036 georg.
464 1995 497 2026 II
522 1996 562 2027 88
596 1997 719 2029 scholio
749 1998 786 2029 de
816 1999 1000 2029 crustumiis
1030 1998 1140 2030 addita
1164 2001 1239 2030 sunt
1268 2010 1304 2029 ea
1333 2008 1439 2028 reeen-

164 2050 229 2081 tior
258 2049 374 2090 aliquis
406 2048 596 2081 scholiastes
626 2062 664 2081 ex
691 2051 808 2082 Isidori
837 2052 937 2092 copiis
967 2052 1160 2092 adsumpsit,
1188 2063 1263 2083 nam
1294 2051 1440 2082 Lemovi-

165 2103 268 2134 censis
295 2101 393 2133 codex
418 2101 452 2132 in
475 2101 572 2142 primi
595 2103 671 2134 libri
695 2115 721 2134 v.
747 2104 810 2135 279
835 2104 961 2135 desinit.

256 2154 444 2186 Ostendisse
470 2154 579 2186 videor
602 2166 641 2186 ne
666 2156 711 2187 eis
737 2156 866 2197 quidem
885 2157 965 2188 locis
982 2157 1098 2198 quibus
1114 2157 1292 2188 Isidoriana
1312 2168 1348 2188 ex
1371 2156 1439 2187 Ser-

167 2209 271 2240 vianis
298 2207 428 2239 scholiis
460 2210 491 2238 et
514 2208 695 2248 pleniorum
720 2208 878 2240 libroruin
908 2210 1142 2250 supplementis
1167 2211 1347 2251 composita
1372 2220 1441 2241 esse

170 2262 268 2303 dieas,
282 2261 388 2302 ipsum
405 2261 595 2301 ampliorem
612 2257 877 2293 commentarium
893 2263 933 2293 ab
950 2262 1074 2294 Isidoro
1091 2263 1271 2294 adhibitum
1288 2275 1365 2294 esse.
1395 2264 1441 2294 at-

170 2325 230 2356 que
251 2314 334 2356 quod
360 2325 404 2346 or.
424 2313 454 2344 X
474 2314 552 2355 2603
576 2313 636 2345 XV
657 2315 690 2355 2,
715 2315 757 2345 22
782 2316 814 2345 et
838 2315 872 2356 8,
897 2315 915 2346 S
941 2317 972 2346 et
994 2316 1047 2357 16,
1075 2318 1111 2347 11
1137 2318 1266 2357 praeter
1291 2315 1443 2347 Serviana
