1690 2611
495 111 607 138 COMM.
627 110 665 137 IN
685 110 791 136 VERG.
811 109 894 136 AEN.
915 109 961 135 ΙΙΙ.
982 112 1129 136 ces-eso.
1379 108 1442 139 451

262 194 336 225 675.
373 207 412 225 AT
430 205 524 225 (Jews
550 193 680 233 figyurate
708 190 757 222 ‘at
774 200 875 231 ‘genus
902 189 1074 231 eompleut',
1112 193 1146 221 ut
1179 190 1246 230 <VI
1272 190 1356 230 660>
1389 189 1446 220 luc

172 258 304 279 manus
328 247 366 279 ob
383 247 552 287 patriam
568 244 770 286 pugnaudo
793 244 966 284 (vulnera
983 244 1116 284 passi).

234 322 237 325 -
261 301 334 332 676.
371 312 507 332 mcum
532 309 552 330 a
579 298 665 330 verbo
696 297 757 329 ‘cio
780 297 822 329 cis
845 296 911 328 eit'.
1023 306 1105 328 RVIT
1130 296 1323 328 festinanter
1347 296 1445 337 venit,

171 356 207 385 ut
227 356 411 394 ruuntque
434 353 550 393 effusi
572 361 717 383 earcere
740 360 881 382 carrus.

261 407 334 438 677.
370 414 575 444 NEQVIQVAM
599 413 731 436 LVMINE
755 411 870 435 TORVO
896 402 972 444 quia
994 413 1109 434 nocere
1133 414 1198 434 non
1222 404 1383 444 poterant.

262 461 334 492 678.
371 465 529 491 AETNEOS
553 466 707 490 FRATRES
733 458 788 488 aut
807 456 938 497 similes,
963 458 1019 487 aut
1037 456 1167 487 feritate
1188 466 1368 497 germanos,
1392 458 1447 486 aut

172 515 303 546 eiusdem
320 513 445 553 patriae
467 513 512 544 vel
531 515 635 550 terrae,
660 514 816 551 tamquam
835 510 961 541 matris:
985 520 1061 540 nam
1080 520 1145 540 non
1165 510 1239 540 sunt
1254 509 1445 550 Polyphemi

172 567 303 608 fratres,
337 577 431 607 quem
459 564 604 606 Neptuni
638 564 742 595 filium
770 563 930 596 Homerus
961 562 1048 594 dicit.
1094 562 1178 594 unde
1212 573 1249 593 eo
1283 564 1445 593 occaecato

172 620 285 652 Ulixes
313 619 447 661 pertulit
475 619 717 659 tempestatem,
749 617 804 658 qui
833 616 872 648 ad
901 627 972 647 eum
1002 615 1090 647 venit
1119 615 1271 647 derelicta
1295 614 1446 656 Calypso,

173 685 244 705 cum
268 684 330 714 qua
354 672 463 703 decem
487 671 580 703 annis
605 671 722 702 fuerat:
755 670 857 710 undeJ
876 671 911 700 ut
936 680 1033 710 supra
1057 669 1164 710 <623>
1189 669 1342 710 diximus,
1366 668 1444 700 Ver-

173 727 243 769 gilii
267 727 362 758 dictis
386 725 537 757 dissentit
560 726 743 766 temporum
767 724 860 755 ratio.
933 736 1022 755 mimo
1039 733 1099 763 pro
1122 724 1157 754 ‘iu
1180 723 1306 754 eaelum.

262 780 336 812 680.
373 787 571 811 CONIFERAE
605 788 714 810 conum
747 777 935 809 sustinentes.
980 779 1008 808 et
1040 787 1138 808 conus
1173 776 1290 807 dicitur
1322 776 1445 806 fructus

173 833 324 874 cupressi,
349 835 381 864 et
403 832 474 873 ipsa
492 829 675 872 κωνοειδὴς
695 832 755 862 est:
779 841 854 862 nam
879 842 898 861 a
921 830 1120 861 rotunditate
1144 829 1177 860 in
1202 840 1336 861 acumen
1360 829 1445 860 leva-

172 889 233 918 tur.
271 885 465 927 Cyparissus
491 888 598 917 autem
623 884 759 924 Telephi
783 883 868 914 filius
892 882 964 923 fuit,
988 884 1114 914 amatus
1140 883 1180 914 ab
1205 883 1364 924 Apolline.
1396 883 1445 913 vel

172 942 208 971 ut
232 939 296 980 alii,
321 951 340 970 a
355 938 496 979 Silvano,
521 938 576 980 qui
600 949 672 969 cum
697 938 829 969 lassatus
848 938 933 968 aestu
952 936 1006 967 sub
1025 937 1160 976 quadam
1179 936 1286 968 arbore
1304 930 1445 967 somnum

172 995 297 1034 caperet,
321 993 417 1024 subito
440 992 567 1032 strepitu
590 992 737 1023 excitatus
756 1001 894 1030 cervum,
920 1000 1014 1030 quem
1033 990 1067 1021 in
1087 989 1210 1021 deliciis
1230 989 1380 1030 habebat,
1402 989 1445 1029 fe-

172 1058 242 1078 ram
269 1046 391 1078 credens
418 1056 475 1087 per
502 1044 719 1086 ignorantiam
755 1043 846 1074 misso
876 1043 930 1074 telo
960 1042 1143 1083 occidisset,
1176 1042 1279 1073 flendo
1309 1042 1446 1073 nimium

173 1099 427 1131 misericordiam
452 1098 569 1129 meruit
592 1097 773 1137 numinum,
800 1096 910 1136 itaque
934 1096 968 1126 in
992 1096 1139 1127 arborem
1163 1106 1350 1136 cupressum
1375 1106 1446 1127 con-

172 1164 283 1184 versus
308 1154 366 1193 est,
390 1153 499 1193 aptam
524 1154 555 1182 et
575 1152 796 1182 consecratam
816 1149 957 1180 lacrimis
978 1151 1010 1180 et
1029 1149 1179 1180 luctibus,
1203 1149 1294 1189 ²²²e7yo
1313 1150 1447 1189 cupressi

172 1206 263 1246 quasi
285 1205 435 1246 infernae,
458 1205 503 1236 vel
526 1204 600 1244 quia
623 1204 756 1235 succisae
778 1213 840 1234 που
864 1204 1075 1243 renaseuutiw,
1098 1202 1144 1233 vel
1167 1203 1240 1242 quia
1260 1203 1345 1242 apud
1362 1202 1444 1233 Atti·
1465 1207 1479 1229 2

243 1314 259 1337 4
278 1310 428 1345 ruuntque]
448 1318 542 1344 georg.
563 1309 602 1335 111
623 1312 672 1335 104
691 1310 700 1342 ΙΙ
719 1311 734 1334 8
754 1308 903 1342 Homerus]
925 1308 975 1334 Od.
995 1308 1007 1333 I
1028 1311 1059 1334 68
1080 1316 1138 1341 sqq.
1158 1308 1167 1341 ΙΙ
1188 1311 1218 1333 12
1240 1316 1324 1334 conus
1344 1307 1447 1334 dicitur

178 1346 354 1380 ...levatur]
380 1354 464 1372 exscr.
489 1345 552 1371 Isid.
578 1353 615 1371 or.
636 1344 713 1370 XVII
734 1348 762 1377 7,
783 1347 824 1369 34.
859 1343 893 1369 cf.
913 1343 1027 1377 glossar.
1049 1344 1191 1377 Sangerm.
1212 1352 1255 1377 ap.
1275 1343 1399 1369 Hildebr.
1419 1352 1445 1376 p.

172 1385 206 1443 {119
219 1391 267 1443 ls‘il'i
288 1383 316 1443 Et
325 1381 539 1443 11478Cyparissus
559 1381 652 1407 autem
673 1389 694 1406 0.
716 1389 741 1413 q.
762 1379 795 1414 s.]
816 1379 850 1405 cf.
872 1379 947 1406 Serv.
967 1379 1002 1405 ad
1021 1387 1116 1413 georg.
1137 1379 1148 1404 I
1168 1382 1209 1406 20.
1230 1379 1369 1413 mythogr.
1390 1379 1402 1404 Ι
1422 1383 1446 1412 6,

248 1518 260 1540 1
282 1515 319 1541 acl
338 1515 368 1540 at
386 1522 472 1547 genus
491 1522 567 1546 supr.
586 1521 651 1539 vers.
672 1513 791 1546 figurate
810 1520 897 1546 genus
917 1512 1059 1546 complent
1078 1511 1149 1538 dixit
1167 1513 1198 1538 ut
1216 1512 1262 1538 hic
1282 1521 1379 1538 manus
1399 1521 1446 1546 pa-

173 1551 256 1577 triam
281 1550 467 1584 oppugnando
494 1549 517 1574 T
544 1549 552 1581 ΙΙ
580 1552 595 1574 3
617 1549 653 1574 cul
678 1548 797 1574 excitum
820 1556 895 1581 supr.
921 1556 984 1574 vers.
1010 1549 1158 1574 euocatum
1184 1547 1259 1573 illius
1279 1548 1399 1573 clamore
1420 1549 1448 1573 ct

174 1586 259 1612 citum
286 1594 335 1619 pro
362 1585 483 1611 excitato
508 1592 557 1617 per
585 1583 728 1617 sincopam
753 1585 782 1609 et
806 1583 884 1609 uenit
907 1592 961 1610 11011
988 1592 1005 1609 a
1028 1583 1087 1609 cieo
1112 1583 1160 1609 sed
1180 1591 1196 1609 a
1215 1583 1258 1609 cio
1279 1583 1317 1609 cis
1338 1583 1376 1609 cit
1399 1583 1422 1608 T

174 1625 189 1647 5
210 1622 343 1655 poterunt
363 1620 420 1647 FO
446 1620 558 1653 poterat
582 1620 605 1644 L
629 1620 637 1652 ΙΙ
661 1623 676 1645 6
697 1620 745 1645 aut
768 1618 872 1644 similes
946 1618 1111 1652 Polyphemi
1136 1618 1236 1644 fratres
1256 1627 1304 1644 om.
1325 1619 1349 1643 L
1358 1619 1390 1643 H
1406 1620 1447 1651 (iu

175 1665 258 1690 mary.
279 1657 341 1683 add.
362 1657 381 1688 l)
401 1657 450 1682 aut
469 1655 592 1681 eiusdem
608 1677 614 1682 .
626 1677 630 1681 .
643 1676 648 1681 .
664 1654 761 1680 matris
781 1655 841 1680 hab.
863 1654 885 1680 C
907 1656 915 1687 ΙΙ
940 1657 954 1680 7
974 1654 1058 1679 maris
1080 1654 1103 1679 C
1119 1655 1128 1687 ΙΙ
1151 1655 1188 1679 (1ιῖ
1207 1654 1328 1680 Aetneos
1348 1654 1446 1680 fratres

173 1701 248 1725 supr.
268 1701 334 1718 vers.
355 1691 477 1717 eiusdem
497 1690 604 1724 patriae
623 1690 670 1716 uel
689 1691 779 1716 terrae
799 1691 941 1723 tamquam
961 1689 1056 1715 matris
1080 1690 1104 1714 T
1130 1690 1139 1722 11
1166 1689 1264 1715 fratres
1284 1689 1447 1723 polyphemi

176 1728 245 1753 ME
257 1728 266 1760 ss
281 1730 296 1753 8
317 1727 363 1761 eo]
383 1728 425 1753 est
445 1726 467 1752 C
479 1727 488 1759 ss
501 1727 669 1752 hoccaeeato
686 1725 742 1751 FC
754 1726 763 1758 ΙΙ
778 1728 792 1751 9
813 1725 930 1758 protulit
945 1725 974 1750 F
986 1726 995 1757 ΙΙ
1011 1728 1042 1750 10
1062 1724 1116 1750 fuit
1133 1724 1155 1751 Ο
1166 1725 1175 1758 ss
1189 1725 1273 1759 unde]
1294 1725 1325 1749 ut
1344 1725 1377 1750 de
1394 1725 1424 1750 F

176 1766 206 1788 11
227 1762 348 1789 desentit
362 1762 387 1787 L
401 1763 410 1795 11
424 1770 506 1787 cAnLo
526 1770 575 1795 pro
594 1761 623 1787 in
643 1761 750 1787 caelum
770 1761 830 1787 hab.
848 1761 875 1786 G.
901 1761 938 1786 ad
957 1760 1034 1786 caelo
1054 1769 1127 1793 supr.
1144 1768 1209 1786 ret-s.
1226 1760 1261 1786 ad
1277 1760 1387 1786 caelum
1404 1761 1429 1785 T
1446 1782 1447 1793 ,

175 1799 211 1824 [υἱ
230 1797 378 1824 concilium
399 1797 565 1823 horrendum
584 1805 658 1830 supr.
678 1805 743 1822 vers.
764 1796 852 1822 ueluti
872 1796 1005 1829 explanat
1023 1796 1097 1829 quod
1117 1796 1226 1821 dixerat
1245 1796 1378 1821 aethneos
1394 1795 1447 1821 fra-

174 1835 238 1865 tres,
258 1834 289 1859 iu
307 1841 392 1866 marg.
412 1832 555 1858 horridum
574 1833 671 1858 extans
692 1832 720 1858 et
738 1831 897 1865 prominens
916 1831 1084 1857 horrendum
1103 1831 1221 1857 uitabile
1239 1831 1267 1857 et
1282 1832 1385 1857 tetrum
1403 1831 1427 1856 T
1440 1831 1448 1860 1)

177 1872 208 1894 12
229 1877 328 1894 conum
351 1867 535 1894 substinentes
556 1868 615 1900 (sie)
634 1868 694 1894 hab.
717 1867 739 1893 C
759 1868 768 1900 ΙΙ
791 1875 910 1893 connum
930 1866 960 1892 F
980 1868 989 1900 ΙΙ
1014 1870 1045 1893 13
1066 1866 1213 1893 aconoides
1234 1866 1264 1892 F
1289 1866 1407 1892 aconoid
1428 1868 1450 1892 C

176 1903 305 1930 conoides
325 1903 462 1929 LHME
480 1904 489 1937 ΙΙ
510 1911 574 1928 nam
594 1911 642 1929 om.
664 1902 687 1928 C
702 1903 711 1935 ΙΙ
734 1906 766 1928 14
786 1902 949 1936 Cyparissus
968 1902 1043 1928 telefi
1063 1902 1135 1928 filius
1154 1902 1208 1928 fuit
1223 1924 1228 1928 .
1241 1924 1245 1928 .
1259 1924 1264 1928 .
1279 1901 1402 1928 lacrimis
1421 1903 1448 1928 et

176 1939 296 1966 luctibus
320 1947 386 1972 ergo
411 1946 557 1971 cupressae
577 1939 636 1971 (sie)
657 1939 737 1971 quasi
755 1938 881 1964 infernae
902 1937 946 1964 uel
966 1938 1031 1971 quia
1051 1938 1172 1964 succisae
1192 1946 1248 1964 non
1267 1938 1448 1963 renascuntur

178 1975 223 2001 nel
247 1974 313 2007 quia
331 1974 407 2007 apud
426 1973 526 2000 atticos
546 1974 670 2000 funestae
690 1973 787 1999 domus
807 1973 888 1999 huius
908 1973 1004 1999 fronde
1024 1973 1153 1999 uelantur
1172 1974 1203 1999 ‘iu
1221 1981 1306 2006 marq.
1327 1974 1376 2006 ius.
1401 1973 1426 1998 T
1441 1974 1448 2007 {l

176 2019 309 2036 cymiussi
330 2008 486 2043 cyparissus
506 2009 601 2035 autem
621 2008 650 2034 F
671 2009 680 2042 [Ι
702 2009 747 2035 vel
762 2030 767 2035 .
781 2030 802 2035 ..
820 2009 932 2035 Silvano
952 2017 1000 2035 om.
1022 2008 1111 2034 FTO
1127 2009 1136 2042 ΙῙ
1158 2011 1189 2034 15
1210 2009 1329 2034 lassatus
1403 2017 1446 2034 cx-

178 2045 281 2072 citatus
301 2053 351 2071 om.
372 2044 547 2075 GLHME,
567 2044 651 2070 edidit
671 2044 825 2077 Stephanus
845 2045 854 2077 ss
874 2044 1009 2070 classatns
1030 2043 1080 2077 FU
1099 2044 1178 2070 aestu
1197 2052 1246 2070 om.
1267 2044 1422 2077 Stephanus
1441 2046 1448 2070 ¹,

178 2084 209 2108 16
230 2080 348 2114 strepitu
368 2088 417 2106 om.
437 2079 591 2112 Stephanus
609 2080 618 2112 ss
637 2087 750 2105 ceruam
769 2088 853 2112 quam
876 2079 899 2104 T
911 2080 920 2112 ΙΙ
939 2078 1040 2105 diliciis
1062 2079 1092 2104 F
1097 2079 1119 2105 O
1130 2080 1139 2112 ΙΙ
1158 2079 1244 2105 feram
1265 2079 1378 2105 credens
1398 2088 1446 2105 om.

178 2115 354 2147 OLHME‚
374 2115 459 2141 edidit
478 2114 632 2148 Stephanus
651 2116 660 2147 ῙΙ
681 2117 712 2140 17
732 2114 816 2140 misso
836 2114 892 2140 telo
912 2115 972 2140 hab.
994 2114 1037 2147 011
1052 2114 1200 2141 occidisset
1219 2135 1224 2140 .
1246 2135 1250 2140 .
1273 2135 1277 2140 .
1300 2123 1448 2141 conuersus

176 2151 231 2186 est]
252 2150 362 2177 oceidit.
392 2150 439 2176 sed
459 2158 521 2176 cum
541 2150 608 2176 fletu
626 2149 713 2175 nimio
733 2150 762 2175 et
781 2149 967 2176 abstinentiae
988 2151 1045 2183 (sie)
1066 2149 1121 2176 cibi
1140 2158 1171 2176 ac
1186 2150 1309 2184 potionis
1324 2150 1448 2176 tabesce-

176 2188 219 2213 ret
243 2195 259 2213 a
282 2185 472 2212 misericordia
491 2185 708 2218 (misericordiae
729 2185 770 2217 F)
791 2185 905 2211 deorum
925 2186 1030 2218 (eorum
1051 2185 1081 2211 F
1106 2185 1200 2218 itaque
1220 2186 1282 2211 add.
1305 2185 1338 2217 O)
1358 2185 1386 2210 in
1406 2193 1448 2210 ar-

178 2222 275 2248 borem
300 2229 456 2255 cupressum
477 2229 626 2247 conuersus
645 2221 688 2246 est
708 2220 807 2252 FTG,
831 2221 886 2246 uisi
905 2221 976 2254 quod
992 2229 1043 2254 pro
1065 2221 1093 2247 ‘a
1111 2221 1301 2247 misericordia
1321 2220 1446 2246 deorum⁷

177 2257 395 2284 misericordiam
415 2257 529 2282 deorum
549 2256 650 2282 meruit
668 2256 762 2289 itaque
782 2259 805 2281 et
820 2264 873 2289 pro
893 2256 1063 2283 ‘conuersus’
1084 2265 1180 2283 uersus
1196 2256 1221 2281 T
1233 2257 1242 2289 ΙΙ
1258 2259 1289 2281 18
1304 2255 1449 2281 numinum

177 2301 227 2319 om.
247 2293 273 2318 L
293 2294 376 2326 (supr.
396 2300 462 2318 vers
483 2292 545 2318 add.
566 2292 585 2323 I)
599 2292 609 2325 ΙΙ
624 2294 656 2317 19
677 2292 705 2317 et
723 2292 817 2325 aptam
834 2291 859 2316 T
871 2292 880 2324 ΙΙ
895 2300 960 2326 ergo
980 2313 984 2317 .
1006 2312 1012 2317 .
1032 2313 1038 2318 .
1058 2292 1186 2318 velantur
1201 2294 1264 2326 post
1283 2291 1449 2325 Proserpina

178 2329 216 2362 (P-
237 2331 296 2360 452,
318 2329 360 2361 10)
380 2328 441 2354 hab.
462 2327 560 2363 171120
579 2326 665 2353 attico
686 2326 716 2352 F

1185 2371 1236 2397 29*

1468 675 1497 696 10

1468 941 1498 963 15
