<?xml version="1.0" encoding="UTF-8"?>
<!DOCTYPE html PUBLIC "-//W3C//DTD XHTML 1.0 Transitional//EN"
    "http://www.w3.org/TR/xhtml1/DTD/xhtml1-transitional.dtd">
<html xmlns="http://www.w3.org/1999/xhtml" xml:lang="en" lang="en">
 <head>
  <title>
</title>
<meta http-equiv="Content-Type" content="text/html;charset=utf-8" />
  <meta name='ocr-system' content='tesseract 3.04.00' />
  <meta name='ocr-capabilities' content='ocr_page ocr_carea ocr_par ocr_line ocrx_word'/>
</head>
<body>
  <div class='ocr_page' id='page_1' title='image "./serviigrammatici01bons_0665.png"; bbox 0 0 1690 2611; ppageno 0'>
   <div class='ocr_carea' id='block_1_1' title="bbox 500 107 1454 139">
    <p class='ocr_par' dir='ltr' id='par_1_1' title="bbox 500 107 1454 139">
     <span class='ocr_line' id='line_1_1' title="bbox 500 107 1454 139; baseline -0.001 -3"><span class='ocrx_word' id='word_1_1' title='bbox 500 109 612 136; x_wconf 93' lang='lat' dir='ltr'>COMM.</span> <span class='ocrx_word' id='word_1_2' title='bbox 632 109 671 136; x_wconf 92' lang='lat' dir='ltr'>IN</span> <span class='ocrx_word' id='word_1_3' title='bbox 692 109 798 135; x_wconf 81' lang='lat' dir='ltr'>VERG.</span> <span class='ocrx_word' id='word_1_4' title='bbox 819 108 901 135; x_wconf 83' lang='lat' dir='ltr'>AEN.</span> <span class='ocrx_word' id='word_1_5' title='bbox 922 109 966 135; x_wconf 90' lang='lat' dir='ltr'>IV.</span> <span class='ocrx_word' id='word_1_6' title='bbox 987 111 1135 135; x_wconf 79' lang='lat'>548—56‘2.</span> <span class='ocrx_word' id='word_1_7' title='bbox 1390 107 1454 139; x_wconf 80' lang='lat'>563</span> 
     </span>
    </p>
   </div>
   <div class='ocr_carea' id='block_1_2' title="bbox 179 189 1459 1200">
    <p class='ocr_par' dir='ltr' id='par_1_2' title="bbox 179 189 1456 340">
     <span class='ocr_line' id='line_1_2' title="bbox 179 189 1454 233; baseline -0.001 -10"><span class='ocrx_word' id='word_1_8' title='bbox 179 193 441 233; x_wconf 84' lang='lat' dir='ltr'>praeparaverat:</span> <span class='ocrx_word' id='word_1_9' title='bbox 471 194 527 223; x_wconf 85' lang='lat' dir='ltr'>aut</span> <span class='ocrx_word' id='word_1_10' title='bbox 555 193 641 223; x_wconf 89' lang='lat' dir='ltr'>certe</span> <span class='ocrx_word' id='word_1_11' title='bbox 669 190 917 233; x_wconf 86' lang='lat' dir='ltr'>prooeconomia</span> <span class='ocrx_word' id='word_1_12' title='bbox 945 193 1008 232; x_wconf 84' lang='lat' dir='ltr'>est,</span> <span class='ocrx_word' id='word_1_13' title='bbox 1042 193 1076 222; x_wconf 88' lang='lat' dir='ltr'>ut</span> <span class='ocrx_word' id='word_1_14' title='bbox 1105 191 1209 231; x_wconf 90' lang='lat' dir='ltr'>possit</span> <span class='ocrx_word' id='word_1_15' title='bbox 1238 190 1344 222; x_wconf 86' lang='lat' dir='ltr'>videre</span> <span class='ocrx_word' id='word_1_16' title='bbox 1373 189 1454 222; x_wconf 88' lang='lat' dir='ltr'>Mer-</span> 
     </span>
     <span class='ocr_line' id='line_1_3' title="bbox 184 245 1456 286; baseline -0.001 -10"><span class='ocrx_word' id='word_1_17' title='bbox 184 245 315 277; x_wconf 84' lang='lat' dir='ltr'>curium.</span> <span class='ocrx_word' id='word_1_18' title='bbox 429 258 497 278; x_wconf 76' lang='lat' dir='ltr'><em>RITE</em></span> <span class='ocrx_word' id='word_1_19' title='bbox 520 247 596 277; x_wconf 77' lang='lat' dir='ltr'>recte</span> <span class='ocrx_word' id='word_1_20' title='bbox 627 247 655 276; x_wconf 79' lang='lat' dir='ltr'>et</span> <span class='ocrx_word' id='word_1_21' title='bbox 686 255 722 277; x_wconf 76' lang='lat' dir='ltr'>ex</span> <span class='ocrx_word' id='word_1_22' title='bbox 744 245 850 276; x_wconf 76' lang='lat' dir='ltr'>ordine</span> <span class='ocrx_word' id='word_1_23' title='bbox 877 245 1058 284; x_wconf 69' lang='lat' dir='ltr'>compositis.</span> <span class='ocrx_word' id='word_1_24' title='bbox 1105 247 1133 276; x_wconf 79' lang='lat' dir='ltr'>et</span> <span class='ocrx_word' id='word_1_25' title='bbox 1160 245 1320 286; x_wconf 65' lang='lat' dir='ltr'>diliyonter</span> <span class='ocrx_word' id='word_1_26' title='bbox 1353 245 1456 276; x_wconf 72' lang='lat' dir='ltr'>virum</span> 
     </span>
     <span class='ocr_line' id='line_1_4' title="bbox 180 299 1356 340; baseline -0.001 -9"><span class='ocrx_word' id='word_1_27' title='bbox 180 301 342 331; x_wconf 69' lang='lat' dir='ltr'>strenuum</span> <span class='ocrx_word' id='word_1_28' title='bbox 364 309 425 330; x_wconf 78' lang='lat' dir='ltr'>non</span> <span class='ocrx_word' id='word_1_29' title='bbox 449 302 520 330; x_wconf 74' lang='lat' dir='ltr'>ante</span> <span class='ocrx_word' id='word_1_30' title='bbox 540 299 618 339; x_wconf 71' lang='lat' dir='ltr'>facit</span> <span class='ocrx_word' id='word_1_31' title='bbox 640 300 829 340; x_wconf 69' lang='lat' dir='ltr'>requiescere,</span> <span class='ocrx_word' id='word_1_32' title='bbox 854 309 947 339; x_wconf 71' lang='lat' dir='ltr'>qmm</span> <span class='ocrx_word' id='word_1_33' title='bbox 970 300 1028 330; x_wconf 68' lang='lat' dir='ltr'>rite</span> <span class='ocrx_word' id='word_1_34' title='bbox 1051 300 1156 330; x_wconf 72' lang='lat' dir='ltr'>omnia</span> <span class='ocrx_word' id='word_1_35' title='bbox 1175 299 1356 340; x_wconf 66' lang='lat' dir='ltr'>paravisset.</span> 
     </span>
    </p>

    <p class='ocr_par' dir='ltr' id='par_1_3' title="bbox 181 352 1456 555">
     <span class='ocr_line' id='line_1_5' title="bbox 271 352 1454 393; baseline -0.003 -8"><span class='ocrx_word' id='word_1_36' title='bbox 271 353 345 385; x_wconf 82' lang='lat'>556.</span> <span class='ocrx_word' id='word_1_37' title='bbox 379 362 497 386; x_wconf 76' lang='lat' dir='ltr'><strong>FORMA</strong></span> <span class='ocrx_word' id='word_1_38' title='bbox 520 362 578 384; x_wconf 83' lang='lat' dir='ltr'>DEI</span> <span class='ocrx_word' id='word_1_39' title='bbox 601 353 682 384; x_wconf 90' lang='lat' dir='ltr'>bene</span> <span class='ocrx_word' id='word_1_40' title='bbox 706 364 772 384; x_wconf 90' lang='lat' dir='ltr'>non</span> <span class='ocrx_word' id='word_1_41' title='bbox 795 352 914 393; x_wconf 74' lang='lat' dir='ltr'>‘deus’‚</span> <span class='ocrx_word' id='word_1_42' title='bbox 939 353 994 384; x_wconf 89' lang='lat' dir='ltr'>sed</span> <span class='ocrx_word' id='word_1_43' title='bbox 1019 352 1166 384; x_wconf 77' lang='lat' dir='ltr'>‘forma&#39;z</span> <span class='ocrx_word' id='word_1_44' title='bbox 1190 363 1263 383; x_wconf 86' lang='lat' dir='ltr'>raro</span> <span class='ocrx_word' id='word_1_45' title='bbox 1289 352 1374 384; x_wconf 89' lang='lat' dir='ltr'>enim</span> <span class='ocrx_word' id='word_1_46' title='bbox 1398 363 1454 382; x_wconf 88' lang='lat' dir='ltr'>nu-</span> 
     </span>
     <span class='ocr_line' id='line_1_6' title="bbox 181 406 1454 448; baseline -0.001 -10"><span class='ocrx_word' id='word_1_47' title='bbox 181 407 269 438; x_wconf 83' lang='lat' dir='ltr'>mina</span> <span class='ocrx_word' id='word_1_48' title='bbox 294 407 377 438; x_wconf 84' lang='lat' dir='ltr'>sicut</span> <span class='ocrx_word' id='word_1_49' title='bbox 400 408 475 438; x_wconf 89' lang='lat' dir='ltr'>sunt</span> <span class='ocrx_word' id='word_1_50' title='bbox 502 408 639 448; x_wconf 86' lang='lat' dir='ltr'>possunt</span> <span class='ocrx_word' id='word_1_51' title='bbox 668 406 782 447; x_wconf 87' lang='lat' dir='ltr'>videri,</span> <span class='ocrx_word' id='word_1_52' title='bbox 811 406 892 438; x_wconf 86' lang='lat' dir='ltr'>unde</span> <span class='ocrx_word' id='word_1_53' title='bbox 921 408 953 438; x_wconf 88' lang='lat' dir='ltr'>et</span> <span class='ocrx_word' id='word_1_54' title='bbox 982 407 1128 448; x_wconf 87' lang='lat' dir='ltr'>sequitur</span> <span class='ocrx_word' id='word_1_55' title='bbox 1158 406 1264 438; x_wconf 63' lang='lat' dir='ltr'>“vultu</span> <span class='ocrx_word' id='word_1_56' title='bbox 1293 406 1454 437; x_wconf 86' lang='lat' dir='ltr'>redeuntis</span> 
     </span>
     <span class='ocr_line' id='line_1_7' title="bbox 181 459 1456 502; baseline -0.001 -10"><span class='ocrx_word' id='word_1_57' title='bbox 181 460 322 492; x_wconf 82' lang='lat' dir='ltr'>eodem’:</span> <span class='ocrx_word' id='word_1_58' title='bbox 347 472 421 492; x_wconf 88' lang='lat' dir='ltr'>nam</span> <span class='ocrx_word' id='word_1_59' title='bbox 446 461 522 492; x_wconf 88' lang='lat' dir='ltr'>licet</span> <span class='ocrx_word' id='word_1_60' title='bbox 546 459 740 491; x_wconf 74' lang='lat' dir='ltr'>‘redeuntis’</span> <span class='ocrx_word' id='word_1_61' title='bbox 765 459 859 501; x_wconf 79' lang='lat' dir='ltr'>dicat,</span> <span class='ocrx_word' id='word_1_62' title='bbox 883 460 915 491; x_wconf 93' lang='lat' dir='ltr'>id</span> <span class='ocrx_word' id='word_1_63' title='bbox 940 462 989 491; x_wconf 91' lang='lat' dir='ltr'>est</span> <span class='ocrx_word' id='word_1_64' title='bbox 1014 460 1081 492; x_wconf 86' lang='lat' dir='ltr'>eius</span> <span class='ocrx_word' id='word_1_65' title='bbox 1106 460 1160 501; x_wconf 90' lang='lat' dir='ltr'>qui</span> <span class='ocrx_word' id='word_1_66' title='bbox 1185 460 1290 502; x_wconf 87' lang='lat' dir='ltr'>possit</span> <span class='ocrx_word' id='word_1_67' title='bbox 1314 459 1456 501; x_wconf 80' lang='lat' dir='ltr'>agnosci,</span> 
     </span>
     <span class='ocr_line' id='line_1_8' title="bbox 181 513 1426 555; baseline -0.001 -10"><span class='ocrx_word' id='word_1_68' title='bbox 181 516 289 546; x_wconf 89' lang='lat' dir='ltr'>tamen</span> <span class='ocrx_word' id='word_1_69' title='bbox 314 525 377 545; x_wconf 88' lang='lat' dir='ltr'>non</span> <span class='ocrx_word' id='word_1_70' title='bbox 403 513 550 545; x_wconf 81' lang='lat' dir='ltr'>‘faciem&#39;</span> <span class='ocrx_word' id='word_1_71' title='bbox 576 514 668 555; x_wconf 88' lang='lat' dir='ltr'>dicit,</span> <span class='ocrx_word' id='word_1_72' title='bbox 693 513 749 545; x_wconf 89' lang='lat' dir='ltr'>sed</span> <span class='ocrx_word' id='word_1_73' title='bbox 773 513 941 555; x_wconf 71' lang='lat' dir='ltr'>‘vultum’‚</span> <span class='ocrx_word' id='word_1_74' title='bbox 967 514 1020 555; x_wconf 89' lang='lat' dir='ltr'>qui</span> <span class='ocrx_word' id='word_1_75' title='bbox 1045 516 1154 555; x_wconf 87' lang='lat' dir='ltr'>potest</span> <span class='ocrx_word' id='word_1_76' title='bbox 1179 525 1273 555; x_wconf 82' lang='lat' dir='ltr'>saepe</span> <span class='ocrx_word' id='word_1_77' title='bbox 1298 514 1426 545; x_wconf 88' lang='lat' dir='ltr'>mutari.</span> 
     </span>
    </p>

    <p class='ocr_par' dir='ltr' id='par_1_4' title="bbox 182 567 1456 717">
     <span class='ocr_line' id='line_1_9' title="bbox 225 567 1456 609; baseline -0.001 -10"><span class='ocrx_word' id='word_1_78' title='bbox 225 577 344 599; x_wconf 82' lang='lat' dir='ltr'>EODEM</span> <span class='ocrx_word' id='word_1_79' title='bbox 369 567 419 599; x_wconf 72' lang='lat' dir='ltr'>‘o’</span> <span class='ocrx_word' id='word_1_80' title='bbox 444 579 572 609; x_wconf 82' lang='lat' dir='ltr'>semper</span> <span class='ocrx_word' id='word_1_81' title='bbox 595 568 728 609; x_wconf 81' lang='lat' dir='ltr'>longum</span> <span class='ocrx_word' id='word_1_82' title='bbox 753 570 816 609; x_wconf 69' lang='lat' dir='ltr'>est,</span> <span class='ocrx_word' id='word_1_83' title='bbox 845 568 920 609; x_wconf 89' lang='lat' dir='ltr'>quia</span> <span class='ocrx_word' id='word_1_84' title='bbox 950 567 1094 599; x_wconf 78' lang='lat' dir='ltr'>‘eodem&#39;</span> <span class='ocrx_word' id='word_1_85' title='bbox 1119 567 1280 599; x_wconf 72' lang='lat' dir='ltr'>ablativus</span> <span class='ocrx_word' id='word_1_86' title='bbox 1304 569 1354 598; x_wconf 84' lang='lat' dir='ltr'>est</span> <span class='ocrx_word' id='word_1_87' title='bbox 1377 578 1456 598; x_wconf 89' lang='lat' dir='ltr'>sem-</span> 
     </span>
     <span class='ocr_line' id='line_1_10' title="bbox 182 621 1456 663; baseline -0.001 -10"><span class='ocrx_word' id='word_1_88' title='bbox 182 633 251 663; x_wconf 76' lang='lat' dir='ltr'>per3</span> <span class='ocrx_word' id='word_1_89' title='bbox 281 621 422 653; x_wconf 79' lang='lat' dir='ltr'>‘eadem’</span> <span class='ocrx_word' id='word_1_90' title='bbox 452 624 559 653; x_wconf 87' lang='lat' dir='ltr'>autem</span> <span class='ocrx_word' id='word_1_91' title='bbox 587 623 619 653; x_wconf 89' lang='lat' dir='ltr'>et</span> <span class='ocrx_word' id='word_1_92' title='bbox 648 621 796 663; x_wconf 72' lang='lat' dir='ltr'>producit</span> <span class='ocrx_word' id='word_1_93' title='bbox 830 624 862 653; x_wconf 85' lang='lat' dir='ltr'>et</span> <span class='ocrx_word' id='word_1_94' title='bbox 895 622 1041 663; x_wconf 86' lang='lat' dir='ltr'>corripit:</span> <span class='ocrx_word' id='word_1_95' title='bbox 1075 633 1150 653; x_wconf 88' lang='lat' dir='ltr'>nam</span> <span class='ocrx_word' id='word_1_96' title='bbox 1178 624 1210 653; x_wconf 91' lang='lat' dir='ltr'>et</span> <span class='ocrx_word' id='word_1_97' title='bbox 1238 621 1456 653; x_wconf 87' lang='lat' dir='ltr'>nominativus</span> 
     </span>
     <span class='ocr_line' id='line_1_11' title="bbox 182 674 1456 717; baseline -0.001 -11"><span class='ocrx_word' id='word_1_98' title='bbox 182 677 244 717; x_wconf 82' lang='lat' dir='ltr'>est,</span> <span class='ocrx_word' id='word_1_99' title='bbox 268 677 303 706; x_wconf 92' lang='lat' dir='ltr'>ut</span> <span class='ocrx_word' id='word_1_100' title='bbox 317 675 444 707; x_wconf 74' lang='lat' dir='ltr'>‘eadem</span> <span class='ocrx_word' id='word_1_101' title='bbox 460 676 574 707; x_wconf 86' lang='lat' dir='ltr'>mulier</span> <span class='ocrx_word' id='word_1_102' title='bbox 589 675 691 714; x_wconf 87' lang='lat' dir='ltr'>fecit&#39;‚</span> <span class='ocrx_word' id='word_1_103' title='bbox 716 677 748 707; x_wconf 84' lang='lat' dir='ltr'>et</span> <span class='ocrx_word' id='word_1_104' title='bbox 768 675 939 716; x_wconf 70' lang='lat' dir='ltr'>ablativus,</span> <span class='ocrx_word' id='word_1_105' title='bbox 958 677 994 707; x_wconf 88' lang='lat' dir='ltr'>ut</span> <span class='ocrx_word' id='word_1_106' title='bbox 1009 675 1135 707; x_wconf 72' lang='lat' dir='ltr'>‘eadem</span> <span class='ocrx_word' id='word_1_107' title='bbox 1150 675 1286 707; x_wconf 84' lang='lat' dir='ltr'>faciente</span> <span class='ocrx_word' id='word_1_108' title='bbox 1301 674 1456 706; x_wconf 84' lang='lat' dir='ltr'>muliere’.</span> 
     </span>
    </p>

    <p class='ocr_par' dir='ltr' id='par_1_5' title="bbox 272 728 1457 761">
     <span class='ocr_line' id='line_1_12' title="bbox 272 728 1457 761; baseline 0 0"><span class='ocrx_word' id='word_1_109' title='bbox 272 729 344 761; x_wconf 84' lang='lat'>557.</span> <span class='ocrx_word' id='word_1_110' title='bbox 381 738 459 761; x_wconf 81' lang='lat' dir='ltr'>VISA</span> <span class='ocrx_word' id='word_1_111' title='bbox 484 738 627 761; x_wconf 77' lang='lat' dir='ltr'>MONERE</span> <span class='ocrx_word' id='word_1_112' title='bbox 652 738 716 761; x_wconf 84' lang='lat' dir='ltr'>EST</span> <span class='ocrx_word' id='word_1_113' title='bbox 741 731 773 761; x_wconf 87' lang='lat' dir='ltr'>et</span> <span class='ocrx_word' id='word_1_114' title='bbox 796 730 876 761; x_wconf 84' lang='lat' dir='ltr'>bene</span> <span class='ocrx_word' id='word_1_115' title='bbox 901 728 1015 761; x_wconf 74' lang='lat' dir='ltr'>evisa&#39;:</span> <span class='ocrx_word' id='word_1_116' title='bbox 1044 741 1110 761; x_wconf 88' lang='lat' dir='ltr'>non</span> <span class='ocrx_word' id='word_1_117' title='bbox 1133 729 1218 761; x_wconf 85' lang='lat' dir='ltr'>enim</span> <span class='ocrx_word' id='word_1_118' title='bbox 1242 740 1277 760; x_wconf 89' lang='lat' dir='ltr'>re</span> <span class='ocrx_word' id='word_1_119' title='bbox 1300 740 1376 760; x_wconf 86' lang='lat' dir='ltr'>vera</span> <span class='ocrx_word' id='word_1_120' title='bbox 1399 730 1457 761; x_wconf 89' lang='lat' dir='ltr'>est.</span> 
     </span>
    </p>

    <p class='ocr_par' dir='ltr' id='par_1_6' title="bbox 182 782 1459 1146">
     <span class='ocr_line' id='line_1_13' title="bbox 269 782 1456 823; baseline -0.001 -9"><span class='ocrx_word' id='word_1_121' title='bbox 269 783 342 815; x_wconf 83' lang='grc'><strong>558.</strong></span> <span class='ocrx_word' id='word_1_122' title='bbox 381 792 492 815; x_wconf 81' lang='lat' dir='ltr'>OMNIA</span> <span class='ocrx_word' id='word_1_123' title='bbox 516 792 692 815; x_wconf 76' lang='lat' dir='ltr'>MERcvmo</span> <span class='ocrx_word' id='word_1_124' title='bbox 719 792 845 815; x_wconf 84' lang='lat' dir='ltr'>SIMILIS</span> <span class='ocrx_word' id='word_1_125' title='bbox 873 783 959 815; x_wconf 81' lang='lat' dir='ltr'>aliud</span> <span class='ocrx_word' id='word_1_126' title='bbox 985 784 1069 815; x_wconf 85' lang='lat' dir='ltr'>enim</span> <span class='ocrx_word' id='word_1_127' title='bbox 1093 785 1142 815; x_wconf 86' lang='lat' dir='ltr'>est</span> <span class='ocrx_word' id='word_1_128' title='bbox 1161 783 1246 814; x_wconf 84' lang='lat' dir='ltr'>idem</span> <span class='ocrx_word' id='word_1_129' title='bbox 1267 794 1345 823; x_wconf 85' lang='lat' dir='ltr'>esse,</span> <span class='ocrx_word' id='word_1_130' title='bbox 1369 782 1456 814; x_wconf 85' lang='lat' dir='ltr'>aliud</span> 
     </span>
     <span class='ocr_line' id='line_1_14' title="bbox 183 836 1457 879; baseline -0.001 -11"><span class='ocrx_word' id='word_1_131' title='bbox 183 837 288 868; x_wconf 87' lang='lat' dir='ltr'>simile</span> <span class='ocrx_word' id='word_1_132' title='bbox 313 848 395 868; x_wconf 87' lang='lat' dir='ltr'>esse:</span> <span class='ocrx_word' id='word_1_133' title='bbox 420 847 496 879; x_wconf 86' lang='lat' dir='ltr'>ergo</span> <span class='ocrx_word' id='word_1_134' title='bbox 522 848 585 868; x_wconf 90' lang='lat' dir='ltr'>non</span> <span class='ocrx_word' id='word_1_135' title='bbox 611 839 659 868; x_wconf 88' lang='lat' dir='ltr'>est</span> <span class='ocrx_word' id='word_1_136' title='bbox 684 838 788 868; x_wconf 86' lang='lat' dir='ltr'>certus</span> <span class='ocrx_word' id='word_1_137' title='bbox 813 836 947 869; x_wconf 81' lang='lat' dir='ltr'>Aeneas.</span> <span class='ocrx_word' id='word_1_138' title='bbox 985 840 1013 868; x_wconf 76' lang='lat' dir='ltr'>et</span> <span class='ocrx_word' id='word_1_139' title='bbox 1035 848 1055 868; x_wconf 84' lang='lat' dir='ltr'>a</span> <span class='ocrx_word' id='word_1_140' title='bbox 1079 840 1137 869; x_wconf 77' lang='lat' dir='ltr'>toto</span> <span class='ocrx_word' id='word_1_141' title='bbox 1157 837 1269 868; x_wconf 71' lang='lat' dir='ltr'>transit</span> <span class='ocrx_word' id='word_1_142' title='bbox 1287 837 1330 868; x_wconf 76' lang='lat' dir='ltr'>ad</span> <span class='ocrx_word' id='word_1_143' title='bbox 1341 838 1457 876; x_wconf 71' lang='lat' dir='ltr'>partes,</span> 
     </span>
     <span class='ocr_line' id='line_1_15' title="bbox 182 887 1457 932; baseline -0.001 -11"><span class='ocrx_word' id='word_1_144' title='bbox 182 893 218 921; x_wconf 74' lang='lat' dir='ltr'>ut</span> <span class='ocrx_word' id='word_1_145' title='bbox 240 891 362 922; x_wconf 67' lang='lat' dir='ltr'>omnia</span> <span class='ocrx_word' id='word_1_146' title='bbox 385 901 529 932; x_wconf 64' lang='lat' dir='ltr'>mamm,</span> <span class='ocrx_word' id='word_1_147' title='bbox 549 901 613 931; x_wconf 75' lang='lat' dir='ltr'>pes</span> <span class='ocrx_word' id='word_1_148' title='bbox 636 891 756 922; x_wconf 66' lang='lat' dir='ltr'>etiam.</span> <span class='ocrx_word' id='word_1_149' title='bbox 848 899 1035 929; x_wconf 79' lang='lat' dir='ltr'><strong>VOCEMQVE</strong></span> <span class='ocrx_word' id='word_1_150' title='bbox 1067 892 1126 922; x_wconf 74' lang='lat' dir='ltr'>duo</span> <span class='ocrx_word' id='word_1_151' title='bbox 1155 887 1400 932; x_wconf 74' lang='grc' dir='ltr'><strong><em>ὁμοιοτέλευται</em></strong></span> <span class='ocrx_word' id='word_1_152' title='bbox 1431 892 1457 920; x_wconf 71' lang='lat' dir='ltr'>et</span> 
     </span>
     <span class='ocr_line' id='line_1_16' title="bbox 182 943 1457 986; baseline -0.001 -11"><span class='ocrx_word' id='word_1_153' title='bbox 182 947 224 976; x_wconf 78' lang='lat' dir='ltr'>est</span> <span class='ocrx_word' id='word_1_154' title='bbox 245 955 349 976; x_wconf 70' lang='lat' dir='ltr'>versus</span> <span class='ocrx_word' id='word_1_155' title='bbox 371 944 585 985; x_wconf 70' lang='lat' dir='ltr'>hypermetrus.</span> <span class='ocrx_word' id='word_1_156' title='bbox 633 944 761 976; x_wconf 74' lang='lat' dir='ltr'>‘vocem&#39;</span> <span class='ocrx_word' id='word_1_157' title='bbox 791 947 892 976; x_wconf 74' lang='lat' dir='ltr'>autem</span> <span class='ocrx_word' id='word_1_158' title='bbox 916 945 993 982; x_wconf 75' lang='lat' dir='ltr'>ideo,</span> <span class='ocrx_word' id='word_1_159' title='bbox 1018 944 1093 986; x_wconf 91' lang='lat' dir='ltr'>quia</span> <span class='ocrx_word' id='word_1_160' title='bbox 1118 944 1274 976; x_wconf 87' lang='lat' dir='ltr'>orationis</span> <span class='ocrx_word' id='word_1_161' title='bbox 1299 946 1348 975; x_wconf 85' lang='lat' dir='ltr'>est</span> <span class='ocrx_word' id='word_1_162' title='bbox 1372 943 1457 974; x_wconf 88' lang='lat' dir='ltr'>deus.</span> 
     </span>
     <span class='ocr_line' id='line_1_17' title="bbox 182 997 1457 1036; baseline -0.001 -7"><span class='ocrx_word' id='word_1_163' title='bbox 182 997 337 1029; x_wconf 86' lang='lat' dir='ltr'>Horatius</span> <span class='ocrx_word' id='word_1_164' title='bbox 354 998 518 1030; x_wconf 86' lang='lat' dir='ltr'>Mercuri</span> <span class='ocrx_word' id='word_1_165' title='bbox 538 998 706 1029; x_wconf 81' lang='lat' dir='ltr'>facunde.</span> <span class='ocrx_word' id='word_1_166' title='bbox 771 1007 1006 1036; x_wconf 67' lang='lat' dir='ltr'>conoREMQVE</span> <span class='ocrx_word' id='word_1_167' title='bbox 1027 1008 1070 1029; x_wconf 80' lang='grc' dir='ltr'>ΕΤ</span> <span class='ocrx_word' id='word_1_168' title='bbox 1088 1007 1211 1030; x_wconf 59' lang='lat' dir='ltr'>elimas</span> <span class='ocrx_word' id='word_1_169' title='bbox 1232 1006 1365 1029; x_wconf 73' lang='lat' dir='ltr'>FLAvos</span> <span class='ocrx_word' id='word_1_170' title='bbox 1386 997 1457 1028; x_wconf 79' lang='lat' dir='ltr'>ideo</span> 
     </span>
     <span class='ocr_line' id='line_1_18' title="bbox 182 1051 1459 1093; baseline -0.002 -10"><span class='ocrx_word' id='word_1_171' title='bbox 182 1053 214 1082; x_wconf 88' lang='lat' dir='ltr'>ct</span> <span class='ocrx_word' id='word_1_172' title='bbox 236 1054 385 1093; x_wconf 88' lang='lat' dir='ltr'>perustus</span> <span class='ocrx_word' id='word_1_173' title='bbox 411 1054 442 1084; x_wconf 91' lang='lat' dir='ltr'>et</span> <span class='ocrx_word' id='word_1_174' title='bbox 464 1052 566 1083; x_wconf 88' lang='lat' dir='ltr'>flavus</span> <span class='ocrx_word' id='word_1_175' title='bbox 591 1052 769 1084; x_wconf 86' lang='lat' dir='ltr'>Mercurius</span> <span class='ocrx_word' id='word_1_176' title='bbox 794 1052 1022 1093; x_wconf 73' lang='lat' dir='ltr'>introducitur,</span> <span class='ocrx_word' id='word_1_177' title='bbox 1051 1052 1126 1093; x_wconf 90' lang='lat' dir='ltr'>quia</span> <span class='ocrx_word' id='word_1_178' title='bbox 1155 1052 1235 1084; x_wconf 87' lang='lat' dir='ltr'>satis</span> <span class='ocrx_word' id='word_1_179' title='bbox 1260 1051 1383 1082; x_wconf 88' lang='lat' dir='ltr'>vicinus</span> <span class='ocrx_word' id='word_1_180' title='bbox 1409 1052 1459 1082; x_wconf 89' lang='lat' dir='ltr'>est</span> 
     </span>
     <span class='ocr_line' id='line_1_19' title="bbox 188 1105 696 1146; baseline 0 -10"><span class='ocrx_word' id='word_1_181' title='bbox 188 1105 249 1136; x_wconf 88' lang='lat' dir='ltr'>soli</span> <span class='ocrx_word' id='word_1_182' title='bbox 273 1107 403 1146; x_wconf 87' lang='lat' dir='ltr'>praeter</span> <span class='ocrx_word' id='word_1_183' title='bbox 427 1107 550 1136; x_wconf 88' lang='lat' dir='ltr'>ceteras</span> <span class='ocrx_word' id='word_1_184' title='bbox 575 1105 696 1136; x_wconf 87' lang='lat' dir='ltr'>stellas.</span> 
     </span>
    </p>

    <p class='ocr_par' dir='ltr' id='par_1_7' title="bbox 272 1158 1458 1200">
     <span class='ocr_line' id='line_1_20' title="bbox 272 1158 1458 1200; baseline -0.001 -10"><span class='ocrx_word' id='word_1_185' title='bbox 272 1159 345 1190; x_wconf 87' lang='grc'><strong>559.</strong></span> <span class='ocrx_word' id='word_1_186' title='bbox 381 1168 426 1190; x_wconf 82' lang='lat' dir='ltr'>ET</span> <span class='ocrx_word' id='word_1_187' title='bbox 456 1168 599 1190; x_wconf 78' lang='lat' dir='ltr'><strong>MEMBRA</strong></span> <span class='ocrx_word' id='word_1_188' title='bbox 627 1167 765 1191; x_wconf 78' lang='lat' dir='ltr'><strong>DECORA</strong></span> <span class='ocrx_word' id='word_1_189' title='bbox 790 1168 965 1190; x_wconf 81' lang='lat' dir='ltr'>IVVENTAE</span> <span class='ocrx_word' id='word_1_190' title='bbox 996 1159 1072 1200; x_wconf 87' lang='lat' dir='ltr'>quia</span> <span class='ocrx_word' id='word_1_191' title='bbox 1095 1159 1275 1200; x_wconf 84' lang='lat' dir='ltr'>palaestrae</span> <span class='ocrx_word' id='word_1_192' title='bbox 1299 1158 1376 1190; x_wconf 88' lang='lat' dir='ltr'>deus</span> <span class='ocrx_word' id='word_1_193' title='bbox 1401 1160 1458 1189; x_wconf 81' lang='lat' dir='ltr'>est.</span> 
     </span>
    </p>
   </div>
   <div class='ocr_carea' id='block_1_3' title="bbox 182 1211 1484 1254">
    <p class='ocr_par' dir='ltr' id='par_1_8' title="bbox 182 1211 1484 1254">
     <span class='ocr_line' id='line_1_21' title="bbox 182 1211 1484 1254; baseline -0.001 -11"><span class='ocrx_word' id='word_1_194' title='bbox 182 1212 337 1243; x_wconf 86' lang='lat' dir='ltr'>Horatius</span> <span class='ocrx_word' id='word_1_195' title='bbox 363 1215 470 1244; x_wconf 87' lang='lat' dir='ltr'>catus</span> <span class='ocrx_word' id='word_1_196' title='bbox 495 1214 531 1243; x_wconf 83' lang='lat' dir='ltr'>et</span> <span class='ocrx_word' id='word_1_197' title='bbox 555 1213 715 1244; x_wconf 83' lang='lat' dir='ltr'>decorae</span> <span class='ocrx_word' id='word_1_198' title='bbox 740 1223 840 1244; x_wconf 90' lang='lat' dir='ltr'>more</span> <span class='ocrx_word' id='word_1_199' title='bbox 864 1213 1098 1254; x_wconf 85' lang='lat' dir='ltr'>palaestrae.</span> <span class='ocrx_word' id='word_1_200' title='bbox 1145 1211 1324 1244; x_wconf 78' lang='lat' dir='ltr'>‘iuventae&#39;</span> <span class='ocrx_word' id='word_1_201' title='bbox 1350 1214 1457 1243; x_wconf 86' lang='lat' dir='ltr'>autem</span> <span class='ocrx_word' id='word_1_202' title='bbox 1478 1218 1484 1225; x_wconf 85' lang='lat'><strong>·</strong></span> 
     </span>
    </p>
   </div>
   <div class='ocr_carea' id='block_1_4' title="bbox 182 1258 1458 1577">
    <p class='ocr_par' dir='ltr' id='par_1_9' title="bbox 185 1258 1458 1307">
     <span class='ocr_line' id='line_1_22' title="bbox 185 1258 1458 1307; baseline -0.001 -9"><span class='ocrx_word' id='word_1_203' title='bbox 185 1258 344 1307; x_wconf 46' lang='lat' dir='ltr'>‘aetatisZ</span> <span class='ocrx_word' id='word_1_204' title='bbox 360 1278 378 1297; x_wconf 92' lang='lat' dir='ltr'>a</span> <span class='ocrx_word' id='word_1_205' title='bbox 392 1267 530 1298; x_wconf 88' lang='lat' dir='ltr'>iuventa.</span> <span class='ocrx_word' id='word_1_206' title='bbox 564 1277 640 1297; x_wconf 82' lang='lat' dir='ltr'>sane</span> <span class='ocrx_word' id='word_1_207' title='bbox 656 1266 761 1307; x_wconf 85' lang='lat' dir='ltr'>figura</span> <span class='ocrx_word' id='word_1_208' title='bbox 777 1268 825 1298; x_wconf 90' lang='lat' dir='ltr'>est</span> <span class='ocrx_word' id='word_1_209' title='bbox 841 1265 972 1298; x_wconf 78' lang='lat' dir='ltr'>‘similis</span> <span class='ocrx_word' id='word_1_210' title='bbox 988 1266 1142 1306; x_wconf 86' lang='lat' dir='ltr'>membra,</span> <span class='ocrx_word' id='word_1_211' title='bbox 1162 1277 1282 1307; x_wconf 83' lang='lat' dir='ltr'>vocem,</span> <span class='ocrx_word' id='word_1_212' title='bbox 1298 1266 1458 1298; x_wconf 86' lang='lat' dir='ltr'>colorem’.</span> 
     </span>
    </p>

    <p class='ocr_par' dir='ltr' id='par_1_10' title="bbox 182 1320 1457 1415">
     <span class='ocr_line' id='line_1_23' title="bbox 272 1320 1457 1361; baseline -0.001 -9"><span class='ocrx_word' id='word_1_213' title='bbox 272 1320 345 1352; x_wconf 81' lang='lat'>560.</span> <span class='ocrx_word' id='word_1_214' title='bbox 388 1333 464 1352; x_wconf 74' lang='lat' dir='ltr'><em>NATE</em></span> <span class='ocrx_word' id='word_1_215' title='bbox 479 1333 534 1352; x_wconf 64' lang='lat' dir='ltr'>Dm</span> <span class='ocrx_word' id='word_1_216' title='bbox 559 1320 646 1351; x_wconf 80' lang='lat' dir='ltr'>modo</span> <span class='ocrx_word' id='word_1_217' title='bbox 667 1320 786 1361; x_wconf 59' lang='lat' dir='ltr'>generis</span> <span class='ocrx_word' id='word_1_218' title='bbox 809 1321 1052 1352; x_wconf 70' lang='lat' dir='ltr'>commemoratio</span> <span class='ocrx_word' id='word_1_219' title='bbox 1075 1331 1137 1352; x_wconf 76' lang='lat' dir='ltr'>non</span> <span class='ocrx_word' id='word_1_220' title='bbox 1165 1321 1208 1351; x_wconf 77' lang='lat' dir='ltr'>ad</span> <span class='ocrx_word' id='word_1_221' title='bbox 1231 1320 1350 1351; x_wconf 75' lang='lat' dir='ltr'>laudem</span> <span class='ocrx_word' id='word_1_222' title='bbox 1364 1321 1457 1361; x_wconf 71' lang='lat' dir='ltr'>perti-</span> 
     </span>
     <span class='ocr_line' id='line_1_24' title="bbox 182 1373 746 1415; baseline -0.002 -10"><span class='ocrx_word' id='word_1_223' title='bbox 182 1375 241 1415; x_wconf 70' lang='lat' dir='ltr'>net,</span> <span class='ocrx_word' id='word_1_224' title='bbox 264 1374 316 1405; x_wconf 83' lang='lat' dir='ltr'>sed</span> <span class='ocrx_word' id='word_1_225' title='bbox 338 1373 505 1414; x_wconf 73' lang='lat' dir='ltr'>obiwyatio</span> <span class='ocrx_word' id='word_1_226' title='bbox 529 1374 673 1405; x_wconf 76' lang='lat' dir='ltr'>cessantis</span> <span class='ocrx_word' id='word_1_227' title='bbox 696 1375 746 1405; x_wconf 82' lang='lat' dir='ltr'>est.</span> 
     </span>
    </p>

    <p class='ocr_par' dir='ltr' id='par_1_11' title="bbox 271 1427 1021 1467">
     <span class='ocr_line' id='line_1_25' title="bbox 271 1427 1021 1467; baseline 0 -9"><span class='ocrx_word' id='word_1_228' title='bbox 271 1427 344 1459; x_wconf 85' lang='lat'>561.</span> <span class='ocrx_word' id='word_1_229' title='bbox 382 1439 581 1459; x_wconf 70' lang='lat' dir='ltr'>01R&lt;.=msmvr</span> <span class='ocrx_word' id='word_1_230' title='bbox 611 1437 670 1467; x_wconf 75' lang='lat' dir='ltr'>pro</span> <span class='ocrx_word' id='word_1_231' title='bbox 693 1427 929 1458; x_wconf 64' lang='lat' dir='ltr'>circumstatura</span> <span class='ocrx_word' id='word_1_232' title='bbox 951 1428 1021 1459; x_wconf 70' lang='lat' dir='ltr'>sint.</span> 
     </span>
    </p>

    <p class='ocr_par' dir='ltr' id='par_1_12' title="bbox 182 1480 1414 1577">
     <span class='ocr_line' id='line_1_26' title="bbox 271 1480 1395 1521; baseline 0 -9"><span class='ocrx_word' id='word_1_233' title='bbox 271 1481 343 1512; x_wconf 76' lang='lat'>562.</span> <span class='ocrx_word' id='word_1_234' title='bbox 382 1493 499 1512; x_wconf 79' lang='lat' dir='ltr'><em>DEMENS</em></span> <span class='ocrx_word' id='word_1_235' title='bbox 517 1480 660 1520; x_wconf 75' lang='lat' dir='ltr'>inprobat</span> <span class='ocrx_word' id='word_1_236' title='bbox 682 1481 746 1512; x_wconf 73' lang='lat' dir='ltr'>eius</span> <span class='ocrx_word' id='word_1_237' title='bbox 768 1490 897 1518; x_wconf 75' lang='lat' dir='ltr'>sensum,</span> <span class='ocrx_word' id='word_1_238' title='bbox 921 1482 975 1521; x_wconf 69' lang='lat' dir='ltr'>qui</span> <span class='ocrx_word' id='word_1_239' title='bbox 997 1492 1050 1512; x_wconf 69' lang='lat' dir='ltr'>nec</span> <span class='ocrx_word' id='word_1_240' title='bbox 1073 1482 1180 1519; x_wconf 69' lang='lat' dir='ltr'>videat,</span> <span class='ocrx_word' id='word_1_241' title='bbox 1204 1492 1257 1513; x_wconf 79' lang='lat' dir='ltr'>nec</span> <span class='ocrx_word' id='word_1_242' title='bbox 1279 1481 1395 1512; x_wconf 73' lang='lat' dir='ltr'>audiat.</span> 
     </span>
     <span class='ocr_line' id='line_1_27' title="bbox 182 1533 1414 1577; baseline 0 -11"><span class='ocrx_word' id='word_1_243' title='bbox 182 1542 363 1566; x_wconf 77' lang='lat' dir='ltr'>ZEPHYROS</span> <span class='ocrx_word' id='word_1_244' title='bbox 388 1535 514 1565; x_wconf 86' lang='lat' dir='ltr'>ventos:</span> <span class='ocrx_word' id='word_1_245' title='bbox 540 1533 576 1564; x_wconf 86' lang='lat' dir='ltr'>de</span> <span class='ocrx_word' id='word_1_246' title='bbox 601 1533 713 1565; x_wconf 87' lang='lat' dir='ltr'>Africa</span> <span class='ocrx_word' id='word_1_247' title='bbox 737 1533 822 1564; x_wconf 83' lang='lat' dir='ltr'>enim</span> <span class='ocrx_word' id='word_1_248' title='bbox 846 1534 985 1575; x_wconf 88' lang='lat' dir='ltr'>zephyro</span> <span class='ocrx_word' id='word_1_249' title='bbox 1010 1535 1165 1577; x_wconf 80' lang='lat' dir='ltr'>navigare</span> <span class='ocrx_word' id='word_1_250' title='bbox 1190 1546 1254 1566; x_wconf 87' lang='lat' dir='ltr'>non</span> <span class='ocrx_word' id='word_1_251' title='bbox 1277 1537 1414 1575; x_wconf 84' lang='lat' dir='ltr'>poterat.</span> 
     </span>
    </p>
   </div>
   <div class='ocr_carea' id='block_1_5' title="bbox 182 1657 1457 1727">
    <p class='ocr_par' dir='ltr' id='par_1_13' title="bbox 182 1657 1457 1727">
     <span class='ocr_line' id='line_1_28' title="bbox 182 1657 1457 1720; baseline 0.001 -36"><span class='ocrx_word' id='word_1_252' title='bbox 182 1693 194 1719; x_wconf 78' lang='lat' dir='ltr'>I</span> <span class='ocrx_word' id='word_1_253' title='bbox 214 1660 290 1720; x_wconf 50' lang='lat' dir='ltr'>101ss</span> <span class='ocrx_word' id='word_1_254' title='bbox 309 1657 413 1692; x_wconf 89' lang='lat' dir='ltr'>omnia]</span> <span class='ocrx_word' id='word_1_255' title='bbox 432 1666 526 1692; x_wconf 82' lang='lat' dir='ltr'>georg.</span> <span class='ocrx_word' id='word_1_256' title='bbox 548 1657 585 1684; x_wconf 87' lang='lat' dir='ltr'>III</span> <span class='ocrx_word' id='word_1_257' title='bbox 605 1660 638 1684; x_wconf 85' lang='lat'>55</span> <span class='ocrx_word' id='word_1_258' title='bbox 658 1658 667 1691; x_wconf 82' lang='grc' dir='ltr'>ΙΙ</span> <span class='ocrx_word' id='word_1_259' title='bbox 690 1661 720 1684; x_wconf 78' lang='grc'>16</span> <span class='ocrx_word' id='word_1_260' title='bbox 741 1657 884 1692; x_wconf 77' lang='lat' dir='ltr'>Horatius]</span> <span class='ocrx_word' id='word_1_261' title='bbox 906 1666 988 1685; x_wconf 86' lang='lat' dir='ltr'>carm.</span> <span class='ocrx_word' id='word_1_262' title='bbox 1009 1659 1020 1684; x_wconf 90' lang='lat' dir='ltr'>I</span> <span class='ocrx_word' id='word_1_263' title='bbox 1043 1662 1082 1692; x_wconf 80' lang='lat'>10,</span> <span class='ocrx_word' id='word_1_264' title='bbox 1103 1662 1115 1685; x_wconf 92' lang='lat'>1</span> <span class='ocrx_word' id='word_1_265' title='bbox 1132 1660 1141 1692; x_wconf 79' lang='grc' dir='ltr'>ΙΙ</span> <span class='ocrx_word' id='word_1_266' title='bbox 1155 1662 1188 1685; x_wconf 93' lang='grc'>20</span> <span class='ocrx_word' id='word_1_267' title='bbox 1208 1658 1352 1694; x_wconf 84' lang='lat' dir='ltr'>Horatius]</span> <span class='ocrx_word' id='word_1_268' title='bbox 1373 1667 1457 1685; x_wconf 86' lang='lat' dir='ltr'>carm.</span> 
     </span>
     <span class='ocr_line' id='line_1_29' title="bbox 250 1715 256 1727; baseline 0 0"><span class='ocrx_word' id='word_1_269' title='bbox 250 1715 256 1727; x_wconf 55' lang='lat' dir='ltr'>r</span> 
     </span>
    </p>
   </div>
   <div class='ocr_carea' id='block_1_6' title="bbox 183 1809 1460 2377">
    <p class='ocr_par' dir='ltr' id='par_1_14' title="bbox 183 1809 1460 2377">
     <span class='ocr_line' id='line_1_30' title="bbox 257 1809 1460 1844; baseline 0.001 -9"><span class='ocrx_word' id='word_1_270' title='bbox 257 1812 269 1835; x_wconf 93' lang='lat'><strong>1</strong></span> <span class='ocrx_word' id='word_1_271' title='bbox 289 1809 379 1836; x_wconf 87' lang='lat' dir='ltr'>uideri</span> <span class='ocrx_word' id='word_1_272' title='bbox 398 1810 423 1835; x_wconf 91' lang='lat' dir='ltr'><em>L</em></span> <span class='ocrx_word' id='word_1_273' title='bbox 436 1810 445 1843; x_wconf 75' lang='lat' dir='ltr'>l]</span> <span class='ocrx_word' id='word_1_274' title='bbox 460 1813 475 1835; x_wconf 94' lang='grc'>2</span> <span class='ocrx_word' id='word_1_275' title='bbox 494 1810 568 1836; x_wconf 87' lang='lat' dir='ltr'>recte</span> <span class='ocrx_word' id='word_1_276' title='bbox 650 1809 805 1843; x_wconf 84' lang='lat' dir='ltr'>parauisset</span> <span class='ocrx_word' id='word_1_277' title='bbox 823 1811 854 1836; x_wconf 73' lang='lat' dir='ltr'>in</span> <span class='ocrx_word' id='word_1_278' title='bbox 873 1818 956 1844; x_wconf 76' lang='lat' dir='ltr'>mary.</span> <span class='ocrx_word' id='word_1_279' title='bbox 976 1810 1000 1836; x_wconf 90' lang='lat' dir='ltr'><em>T</em></span> <span class='ocrx_word' id='word_1_280' title='bbox 1012 1812 1021 1844; x_wconf 78' lang='grc' dir='ltr'>ΙΙ</span> <span class='ocrx_word' id='word_1_281' title='bbox 1036 1814 1051 1836; x_wconf 82' lang='grc'><strong>5</strong></span> <span class='ocrx_word' id='word_1_282' title='bbox 1071 1810 1143 1837; x_wconf 83' lang='lat' dir='ltr'>sicut</span> <span class='ocrx_word' id='word_1_283' title='bbox 1224 1810 1323 1844; x_wconf 85' lang='lat' dir='ltr'>videri]</span> <span class='ocrx_word' id='word_1_284' title='bbox 1344 1810 1460 1837; x_wconf 87' lang='lat' dir='ltr'>ueniunt</span> 
     </span>
     <span class='ocr_line' id='line_1_31' title="bbox 184 1844 1459 1882; baseline 0.001 -11"><span class='ocrx_word' id='word_1_285' title='bbox 184 1845 223 1871; x_wconf 87' lang='lat' dir='ltr'>sic</span> <span class='ocrx_word' id='word_1_286' title='bbox 243 1846 274 1870; x_wconf 77' lang='lat' dir='ltr'>ut</span> <span class='ocrx_word' id='word_1_287' title='bbox 292 1844 400 1879; x_wconf 84' lang='lat' dir='ltr'>possint</span> <span class='ocrx_word' id='word_1_288' title='bbox 418 1845 507 1871; x_wconf 85' lang='lat' dir='ltr'>uideri</span> <span class='ocrx_word' id='word_1_289' title='bbox 523 1845 559 1871; x_wconf 87' lang='lat' dir='ltr'><strong><em>M</em></strong></span> <span class='ocrx_word' id='word_1_290' title='bbox 572 1846 580 1878; x_wconf 83' lang='grc' dir='ltr'>ΙΙ</span> <span class='ocrx_word' id='word_1_291' title='bbox 596 1849 610 1872; x_wconf 87' lang='grc'><strong>6</strong></span> <span class='ocrx_word' id='word_1_292' title='bbox 630 1845 659 1871; x_wconf 91' lang='lat' dir='ltr'>id</span> <span class='ocrx_word' id='word_1_293' title='bbox 677 1845 730 1879; x_wconf 85' lang='lat' dir='ltr'>est]</span> <span class='ocrx_word' id='word_1_294' title='bbox 751 1845 825 1871; x_wconf 90' lang='lat' dir='ltr'>idem</span> <span class='ocrx_word' id='word_1_295' title='bbox 840 1846 893 1879; x_wconf 79' lang='grc' dir='ltr'>ΗΙΙ</span> <span class='ocrx_word' id='word_1_296' title='bbox 907 1846 998 1880; x_wconf 71' lang='lat' dir='ltr'>poscit</span> <span class='ocrx_word' id='word_1_297' title='bbox 1012 1846 1042 1872; x_wconf 89' lang='lat' dir='ltr'><em>F</em></span> <span class='ocrx_word' id='word_1_298' title='bbox 1053 1847 1062 1880; x_wconf 78' lang='grc' dir='ltr'>ΙΙ</span> <span class='ocrx_word' id='word_1_299' title='bbox 1078 1850 1092 1873; x_wconf 84' lang='grc'><strong>7</strong></span> <span class='ocrx_word' id='word_1_300' title='bbox 1109 1846 1179 1872; x_wconf 80' lang='lat' dir='ltr'>dixit</span> <span class='ocrx_word' id='word_1_301' title='bbox 1194 1846 1245 1880; x_wconf 87' lang='grc' dir='ltr'>ΗΙΙ</span> <span class='ocrx_word' id='word_1_302' title='bbox 1260 1846 1319 1882; x_wconf 78' lang='lat' dir='ltr'>qui]</span> <span class='ocrx_word' id='word_1_303' title='bbox 1339 1855 1394 1879; x_wconf 89' lang='lat' dir='ltr'>quo</span> <span class='ocrx_word' id='word_1_304' title='bbox 1409 1846 1438 1872; x_wconf 84' lang='lat' dir='ltr'><strong><em>F</em></strong></span> <span class='ocrx_word' id='word_1_305' title='bbox 1451 1847 1459 1879; x_wconf 64' lang='grc' dir='ltr'>’ἶ</span> 
     </span>
     <span class='ocr_line' id='line_1_32' title="bbox 183 1881 1457 1916; baseline 0.002 -10"><span class='ocrx_word' id='word_1_306' title='bbox 183 1884 198 1907; x_wconf 90' lang='grc'>8</span> <span class='ocrx_word' id='word_1_307' title='bbox 219 1888 327 1914; x_wconf 83' lang='lat' dir='ltr'>semper</span> <span class='ocrx_word' id='word_1_308' title='bbox 346 1889 394 1907; x_wconf 87' lang='lat' dir='ltr'>om.</span> <span class='ocrx_word' id='word_1_309' title='bbox 415 1881 445 1907; x_wconf 83' lang='lat' dir='ltr'><strong><em>F</em></strong></span> <span class='ocrx_word' id='word_1_310' title='bbox 461 1882 470 1914; x_wconf 77' lang='lat' dir='ltr'>u</span> <span class='ocrx_word' id='word_1_311' title='bbox 494 1884 508 1907; x_wconf 87' lang='lat'>9</span> <span class='ocrx_word' id='word_1_312' title='bbox 527 1881 591 1913; x_wconf 78' lang='lat' dir='ltr'>fort.</span> <span class='ocrx_word' id='word_1_313' title='bbox 612 1881 706 1907; x_wconf 86' lang='lat' dir='ltr'>autem</span> <span class='ocrx_word' id='word_1_314' title='bbox 727 1881 765 1907; x_wconf 74' lang='lat' dir='ltr'>‘a’</span> <span class='ocrx_word' id='word_1_315' title='bbox 786 1883 795 1915; x_wconf 73' lang='grc'>11</span> <span class='ocrx_word' id='word_1_316' title='bbox 820 1885 852 1907; x_wconf 86' lang='grc'>10</span> <span class='ocrx_word' id='word_1_317' title='bbox 872 1881 939 1907; x_wconf 87' lang='lat' dir='ltr'>facit</span> <span class='ocrx_word' id='word_1_318' title='bbox 960 1882 996 1907; x_wconf 88' lang='lat' dir='ltr'><em>M</em></span> <span class='ocrx_word' id='word_1_319' title='bbox 1008 1883 1017 1914; x_wconf 80' lang='grc' dir='ltr'>ΙΙ</span> <span class='ocrx_word' id='word_1_320' title='bbox 1036 1882 1151 1908; x_wconf 83' lang='lat' dir='ltr'>muliere</span> <span class='ocrx_word' id='word_1_321' title='bbox 1171 1881 1291 1908; x_wconf 83' lang='lat' dir='ltr'>faciente</span> <span class='ocrx_word' id='word_1_322' title='bbox 1311 1882 1380 1908; x_wconf 88' lang='lat' dir='ltr'>LM</span> <span class='ocrx_word' id='word_1_323' title='bbox 1396 1883 1406 1916; x_wconf 81' lang='lat' dir='ltr'>ll</span> <span class='ocrx_word' id='word_1_324' title='bbox 1426 1885 1457 1908; x_wconf 91' lang='grc'>12</span> 
     </span>
     <span class='ocr_line' id='line_1_33' title="bbox 185 1916 1460 1951; baseline 0.002 -9"><span class='ocrx_word' id='word_1_325' title='bbox 185 1916 257 1942; x_wconf 83' lang='lat' dir='ltr'>enim</span> <span class='ocrx_word' id='word_1_326' title='bbox 277 1924 326 1943; x_wconf 88' lang='lat' dir='ltr'>om.</span> <span class='ocrx_word' id='word_1_327' title='bbox 346 1916 371 1942; x_wconf 90' lang='lat' dir='ltr'><em>L</em></span> <span class='ocrx_word' id='word_1_328' title='bbox 394 1918 403 1949; x_wconf 79' lang='lat' dir='ltr'>ss</span> <span class='ocrx_word' id='word_1_329' title='bbox 433 1920 463 1942; x_wconf 86' lang='lat'>13</span> <span class='ocrx_word' id='word_1_330' title='bbox 484 1916 574 1942; x_wconf 88' lang='lat' dir='ltr'>simile</span> <span class='ocrx_word' id='word_1_331' title='bbox 595 1925 654 1943; x_wconf 86' lang='lat' dir='ltr'>esse</span> <span class='ocrx_word' id='word_1_332' title='bbox 675 1917 724 1942; x_wconf 83' lang='lat' dir='ltr'>M:</span> <span class='ocrx_word' id='word_1_333' title='bbox 753 1917 872 1943; x_wconf 87' lang='lat' dir='ltr'>similem</span> <span class='ocrx_word' id='word_1_334' title='bbox 893 1917 1024 1943; x_wconf 89' lang='lat' dir='ltr'><em>FNLH</em></span> <span class='ocrx_word' id='word_1_335' title='bbox 1044 1919 1052 1951; x_wconf 82' lang='grc' dir='ltr'>ΙΙ</span> <span class='ocrx_word' id='word_1_336' title='bbox 1076 1926 1131 1944; x_wconf 88' lang='lat' dir='ltr'>non</span> <span class='ocrx_word' id='word_1_337' title='bbox 1156 1917 1261 1943; x_wconf 89' lang='lat' dir='ltr'><em>FNL:</em></span> <span class='ocrx_word' id='word_1_338' title='bbox 1290 1926 1362 1944; x_wconf 87' lang='lat' dir='ltr'>nunc</span> <span class='ocrx_word' id='word_1_339' title='bbox 1387 1918 1460 1944; x_wconf 85' lang='lat' dir='ltr'>HM</span> 
     </span>
     <span class='ocr_line' id='line_1_34' title="bbox 183 1951 1458 1986; baseline 0.001 -8"><span class='ocrx_word' id='word_1_340' title='bbox 183 1952 191 1986; x_wconf 73' lang='grc' dir='ltr'>Η</span> <span class='ocrx_word' id='word_1_341' title='bbox 215 1952 251 1978; x_wconf 82' lang='lat' dir='ltr'>acl</span> <span class='ocrx_word' id='word_1_342' title='bbox 275 1951 368 1978; x_wconf 87' lang='lat' dir='ltr'>omnia</span> <span class='ocrx_word' id='word_1_343' title='bbox 392 1952 427 1979; x_wconf 89' lang='lat' dir='ltr'>M.</span> <span class='ocrx_word' id='word_1_344' title='bbox 453 1961 472 1978; x_wconf 91' lang='lat' dir='ltr'>s.</span> <span class='ocrx_word' id='word_1_345' title='bbox 496 1960 570 1985; x_wconf 80' lang='lat' dir='ltr'>supr.</span> <span class='ocrx_word' id='word_1_346' title='bbox 595 1960 660 1978; x_wconf 78' lang='lat' dir='ltr'>vers.</span> <span class='ocrx_word' id='word_1_347' title='bbox 690 1952 718 1978; x_wconf 91' lang='lat' dir='ltr'>id</span> <span class='ocrx_word' id='word_1_348' title='bbox 743 1954 785 1978; x_wconf 86' lang='lat' dir='ltr'>est</span> <span class='ocrx_word' id='word_1_349' title='bbox 813 1952 906 1979; x_wconf 88' lang='lat' dir='ltr'>omnia</span> <span class='ocrx_word' id='word_1_350' title='bbox 934 1953 1039 1979; x_wconf 83' lang='lat' dir='ltr'>habens</span> <span class='ocrx_word' id='word_1_351' title='bbox 1069 1953 1171 1980; x_wconf 86' lang='lat' dir='ltr'>similia</span> <span class='ocrx_word' id='word_1_352' title='bbox 1197 1953 1333 1980; x_wconf 88' lang='lat' dir='ltr'>mercurio</span> <span class='ocrx_word' id='word_1_353' title='bbox 1357 1962 1374 1979; x_wconf 84' lang='lat' dir='ltr'>a</span> <span class='ocrx_word' id='word_1_354' title='bbox 1398 1955 1458 1980; x_wconf 87' lang='lat' dir='ltr'>toto</span> 
     </span>
     <span class='ocr_line' id='line_1_35' title="bbox 184 1987 1457 2023; baseline 0.002 -10"><span class='ocrx_word' id='word_1_355' title='bbox 184 1987 286 2013; x_wconf 80' lang='lat' dir='ltr'>transit</span> <span class='ocrx_word' id='word_1_356' title='bbox 305 1987 340 2013; x_wconf 87' lang='lat' dir='ltr'>ad</span> <span class='ocrx_word' id='word_1_357' title='bbox 360 1988 452 2021; x_wconf 85' lang='lat' dir='ltr'>partes</span> <span class='ocrx_word' id='word_1_358' title='bbox 475 1988 498 2013; x_wconf 89' lang='lat' dir='ltr'><em>T</em></span> <span class='ocrx_word' id='word_1_359' title='bbox 510 1989 519 2021; x_wconf 77' lang='grc' dir='ltr'>ΙΙ</span> <span class='ocrx_word' id='word_1_360' title='bbox 534 1996 634 2019; x_wconf 74' lang='lat' dir='ltr'>magno</span> <span class='ocrx_word' id='word_1_361' title='bbox 656 1987 705 2021; x_wconf 78' lang='lat' dir='ltr'>Fu</span> <span class='ocrx_word' id='word_1_362' title='bbox 720 1988 756 2014; x_wconf 80' lang='lat' dir='ltr'>ad</span> <span class='ocrx_word' id='word_1_363' title='bbox 774 1997 797 2013; x_wconf 74' lang='lat' dir='ltr'>v.</span> <span class='ocrx_word' id='word_1_364' title='bbox 818 1991 869 2015; x_wconf 83' lang='lat'>558</span> <span class='ocrx_word' id='word_1_365' title='bbox 888 1990 919 2014; x_wconf 73' lang='lat' dir='ltr'>in</span> <span class='ocrx_word' id='word_1_366' title='bbox 938 1997 1021 2021; x_wconf 68' lang='lat' dir='ltr'>mary,</span> <span class='ocrx_word' id='word_1_367' title='bbox 1043 1989 1097 2015; x_wconf 89' lang='lat' dir='ltr'>duo</span> <span class='ocrx_word' id='word_1_368' title='bbox 1117 1990 1279 2015; x_wconf 83' lang='lat' dir='ltr'>ometeuton</span> <span class='ocrx_word' id='word_1_369' title='bbox 1360 1989 1457 2023; x_wconf 84' lang='lat' dir='ltr'>hyper-</span> 
     </span>
     <span class='ocr_line' id='line_1_36' title="bbox 184 2023 1457 2059; baseline 0.002 -11"><span class='ocrx_word' id='word_1_370' title='bbox 184 2024 289 2049; x_wconf 83' lang='lat' dir='ltr'>metrus</span> <span class='ocrx_word' id='word_1_371' title='bbox 311 2023 335 2048; x_wconf 88' lang='lat' dir='ltr'><em>T</em></span> <span class='ocrx_word' id='word_1_372' title='bbox 352 2024 360 2056; x_wconf 89' lang='grc' dir='ltr'>ΙΙ</span> <span class='ocrx_word' id='word_1_373' title='bbox 384 2023 555 2049; x_wconf 79' lang='lat' dir='ltr'>omoteleuta</span> <span class='ocrx_word' id='word_1_374' title='bbox 574 2023 603 2048; x_wconf 89' lang='lat' dir='ltr'><em>F</em></span> <span class='ocrx_word' id='word_1_375' title='bbox 620 2024 629 2057; x_wconf 79' lang='grc' dir='ltr'>ΙΙ</span> <span class='ocrx_word' id='word_1_376' title='bbox 653 2027 685 2049; x_wconf 81' lang='grc'>16</span> <span class='ocrx_word' id='word_1_377' title='bbox 705 2023 848 2058; x_wconf 81' lang='lat' dir='ltr'>Horatius]</span> <span class='ocrx_word' id='word_1_378' title='bbox 876 2024 964 2050; x_wconf 78' lang='lat' dir='ltr'>oratio</span> <span class='ocrx_word' id='word_1_379' title='bbox 983 2025 1051 2050; x_wconf 91' lang='lat' dir='ltr'>NH</span> <span class='ocrx_word' id='word_1_380' title='bbox 1066 2026 1074 2058; x_wconf 89' lang='grc' dir='ltr'>ΙΙ</span> <span class='ocrx_word' id='word_1_381' title='bbox 1098 2024 1227 2051; x_wconf 85' lang='lat' dir='ltr'>mercurii</span> <span class='ocrx_word' id='word_1_382' title='bbox 1247 2025 1279 2051; x_wconf 90' lang='lat' dir='ltr'><em>H</em></span> <span class='ocrx_word' id='word_1_383' title='bbox 1295 2026 1304 2057; x_wconf 75' lang='lat' dir='ltr'>l}</span> <span class='ocrx_word' id='word_1_384' title='bbox 1327 2024 1457 2059; x_wconf 85' lang='lat' dir='ltr'>facunde]</span> 
     </span>
     <span class='ocr_line' id='line_1_37' title="bbox 185 2058 1459 2094; baseline 0.001 -10"><span class='ocrx_word' id='word_1_385' title='bbox 185 2067 271 2092; x_wconf 83' lang='lat' dir='ltr'>nepos</span> <span class='ocrx_word' id='word_1_386' title='bbox 291 2059 354 2085; x_wconf 79' lang='lat' dir='ltr'>add.</span> <span class='ocrx_word' id='word_1_387' title='bbox 375 2059 406 2092; x_wconf 88' lang='grc' dir='ltr'>ΖΙΙ</span> <span class='ocrx_word' id='word_1_388' title='bbox 420 2058 483 2085; x_wconf 89' lang='lat' dir='ltr'>ideo</span> <span class='ocrx_word' id='word_1_389' title='bbox 503 2067 552 2084; x_wconf 84' lang='lat' dir='ltr'>om.</span> <span class='ocrx_word' id='word_1_390' title='bbox 565 2058 593 2084; x_wconf 91' lang='lat' dir='ltr'><em>F</em></span> <span class='ocrx_word' id='word_1_391' title='bbox 606 2060 614 2092; x_wconf 83' lang='grc' dir='ltr'>ΙΙ</span> <span class='ocrx_word' id='word_1_392' title='bbox 630 2062 660 2085; x_wconf 85' lang='grc'>17</span> <span class='ocrx_word' id='word_1_393' title='bbox 678 2060 705 2084; x_wconf 83' lang='lat' dir='ltr'>et</span> <span class='ocrx_word' id='word_1_394' title='bbox 719 2058 759 2093; x_wconf 83' lang='lat' dir='ltr'>p.]</span> <span class='ocrx_word' id='word_1_395' title='bbox 781 2061 809 2085; x_wconf 83' lang='lat' dir='ltr'>et</span> <span class='ocrx_word' id='word_1_396' title='bbox 823 2059 895 2085; x_wconf 82' lang='lat' dir='ltr'>detri</span> <span class='ocrx_word' id='word_1_397' title='bbox 909 2069 935 2093; x_wconf 90' lang='lat' dir='ltr'>p.</span> <span class='ocrx_word' id='word_1_398' title='bbox 952 2060 982 2086; x_wconf 90' lang='lat' dir='ltr'><em>F</em></span> <span class='ocrx_word' id='word_1_399' title='bbox 993 2061 1002 2094; x_wconf 88' lang='grc' dir='ltr'>ΙΙ</span> <span class='ocrx_word' id='word_1_400' title='bbox 1018 2063 1050 2086; x_wconf 81' lang='grc'>18</span> <span class='ocrx_word' id='word_1_401' title='bbox 1070 2069 1118 2094; x_wconf 85' lang='lat' dir='ltr'>pre</span> <span class='ocrx_word' id='word_1_402' title='bbox 1138 2060 1237 2087; x_wconf 86' lang='lat' dir='ltr'>ceteris</span> <span class='ocrx_word' id='word_1_403' title='bbox 1256 2060 1344 2087; x_wconf 86' lang='lat' dir='ltr'>stellis</span> <span class='ocrx_word' id='word_1_404' title='bbox 1364 2060 1389 2086; x_wconf 91' lang='lat' dir='ltr'><em>L</em></span> <span class='ocrx_word' id='word_1_405' title='bbox 1402 2061 1411 2093; x_wconf 85' lang='grc' dir='ltr'>ΙΙ</span> <span class='ocrx_word' id='word_1_406' title='bbox 1426 2063 1459 2086; x_wconf 86' lang='grc'>20</span> 
     </span>
     <span class='ocr_line' id='line_1_38' title="bbox 185 2094 1458 2129; baseline 0.002 -9"><span class='ocrx_word' id='word_1_407' title='bbox 185 2094 258 2120; x_wconf 88' lang='lat' dir='ltr'>mole</span> <span class='ocrx_word' id='word_1_408' title='bbox 278 2094 381 2120; x_wconf 82' lang='lat' dir='ltr'>LHM</span> <span class='ocrx_word' id='word_1_409' title='bbox 400 2095 409 2127; x_wconf 76' lang='lat' dir='ltr'>ss</span> <span class='ocrx_word' id='word_1_410' title='bbox 431 2098 461 2119; x_wconf 81' lang='grc'>21</span> <span class='ocrx_word' id='word_1_411' title='bbox 484 2102 636 2127; x_wconf 82' lang='lat' dir='ltr'>uocemque</span> <span class='ocrx_word' id='word_1_412' title='bbox 657 2094 832 2128; x_wconf 76' lang='lat' dir='ltr'>coloremque</span> <span class='ocrx_word' id='word_1_413' title='bbox 852 2095 882 2120; x_wconf 89' lang='lat' dir='ltr'><em>F</em></span> <span class='ocrx_word' id='word_1_414' title='bbox 900 2097 909 2128; x_wconf 78' lang='grc' dir='ltr'>ΙΙ</span> <span class='ocrx_word' id='word_1_415' title='bbox 932 2099 964 2121; x_wconf 84' lang='grc'>22</span> <span class='ocrx_word' id='word_1_416' title='bbox 985 2097 1022 2122; x_wconf 81' lang='lat' dir='ltr'>ad</span> <span class='ocrx_word' id='word_1_417' title='bbox 1040 2097 1104 2122; x_wconf 86' lang='lat' dir='ltr'>nate</span> <span class='ocrx_word' id='word_1_418' title='bbox 1124 2096 1177 2122; x_wconf 87' lang='lat' dir='ltr'>dea</span> <span class='ocrx_word' id='word_1_419' title='bbox 1195 2104 1270 2129; x_wconf 80' lang='lat' dir='ltr'>supr.</span> <span class='ocrx_word' id='word_1_420' title='bbox 1290 2104 1355 2122; x_wconf 78' lang='lat' dir='ltr'>vers.</span> <span class='ocrx_word' id='word_1_421' title='bbox 1376 2096 1458 2122; x_wconf 88' lang='lat' dir='ltr'>modo</span> 
     </span>
     <span class='ocr_line' id='line_1_39' title="bbox 208 2129 1458 2164; baseline 0.001 -8"><span class='ocrx_word' id='word_1_422' title='bbox 208 2151 212 2155; x_wconf 97' lang='lat'>.</span> <span class='ocrx_word' id='word_1_423' title='bbox 230 2151 234 2156; x_wconf 94' lang='lat'>.</span> <span class='ocrx_word' id='word_1_424' title='bbox 256 2131 299 2156; x_wconf 85' lang='lat' dir='ltr'>est</span> <span class='ocrx_word' id='word_1_425' title='bbox 322 2130 365 2163; x_wconf 80' lang='grc' dir='ltr'>ΤΙΙ</span> <span class='ocrx_word' id='word_1_426' title='bbox 383 2130 512 2156; x_wconf 77' lang='lat' dir='ltr'>scholimn</span> <span class='ocrx_word' id='word_1_427' title='bbox 533 2130 568 2155; x_wconf 80' lang='lat' dir='ltr'>ad</span> <span class='ocrx_word' id='word_1_428' title='bbox 588 2130 653 2155; x_wconf 85' lang='lat' dir='ltr'>nate</span> <span class='ocrx_word' id='word_1_429' title='bbox 674 2129 726 2155; x_wconf 88' lang='lat' dir='ltr'>dea</span> <span class='ocrx_word' id='word_1_430' title='bbox 744 2138 792 2155; x_wconf 82' lang='lat' dir='ltr'>om.</span> <span class='ocrx_word' id='word_1_431' title='bbox 808 2130 911 2157; x_wconf 62' lang='lat' dir='ltr'>Daniel</span> <span class='ocrx_word' id='word_1_432' title='bbox 929 2132 938 2164; x_wconf 77' lang='grc' dir='ltr'>ΙΙ</span> <span class='ocrx_word' id='word_1_433' title='bbox 957 2132 1184 2158; x_wconf 82' lang='lat' dir='ltr'>commemoratio</span> <span class='ocrx_word' id='word_1_434' title='bbox 1204 2140 1259 2158; x_wconf 89' lang='lat' dir='ltr'>non</span> <span class='ocrx_word' id='word_1_435' title='bbox 1282 2132 1317 2157; x_wconf 75' lang='lat' dir='ltr'>T:</span> <span class='ocrx_word' id='word_1_436' title='bbox 1340 2139 1458 2158; x_wconf 87' lang='lat' dir='ltr'>comme-</span> 
     </span>
     <span class='ocr_line' id='line_1_40' title="bbox 184 2165 1459 2201; baseline 0.001 -10"><span class='ocrx_word' id='word_1_437' title='bbox 184 2165 368 2191; x_wconf 85' lang='lat' dir='ltr'>morationem</span> <span class='ocrx_word' id='word_1_438' title='bbox 389 2165 485 2198; x_wconf 75' lang='lat' dir='ltr'><strong>F1123</strong></span> <span class='ocrx_word' id='word_1_439' title='bbox 507 2165 625 2192; x_wconf 82' lang='lat' dir='ltr'>cesantis</span> <span class='ocrx_word' id='word_1_440' title='bbox 647 2165 696 2199; x_wconf 81' lang='lat' dir='ltr'>Fu</span> <span class='ocrx_word' id='word_1_441' title='bbox 715 2168 749 2191; x_wconf 87' lang='grc'>24</span> <span class='ocrx_word' id='word_1_442' title='bbox 768 2166 804 2191; x_wconf 82' lang='lat' dir='ltr'>ad</span> <span class='ocrx_word' id='word_1_443' title='bbox 824 2166 1003 2193; x_wconf 82' lang='lat' dir='ltr'>circumstent</span> <span class='ocrx_word' id='word_1_444' title='bbox 1021 2175 1095 2201; x_wconf 78' lang='lat' dir='ltr'>supr.</span> <span class='ocrx_word' id='word_1_445' title='bbox 1116 2175 1181 2194; x_wconf 77' lang='lat' dir='ltr'>vers.</span> <span class='ocrx_word' id='word_1_446' title='bbox 1201 2176 1251 2201; x_wconf 90' lang='lat' dir='ltr'>pro</span> <span class='ocrx_word' id='word_1_447' title='bbox 1268 2190 1272 2194; x_wconf 95' lang='lat'>.</span> <span class='ocrx_word' id='word_1_448' title='bbox 1289 2188 1293 2193; x_wconf 91' lang='lat'>.</span> <span class='ocrx_word' id='word_1_449' title='bbox 1312 2188 1317 2193; x_wconf 95' lang='lat'>.</span> <span class='ocrx_word' id='word_1_450' title='bbox 1333 2166 1389 2193; x_wconf 82' lang='lat' dir='ltr'>sint</span> <span class='ocrx_word' id='word_1_451' title='bbox 1410 2167 1434 2192; x_wconf 91' lang='lat' dir='ltr'><em>T</em></span> <span class='ocrx_word' id='word_1_452' title='bbox 1451 2166 1459 2200; x_wconf 63' lang='grc' dir='ltr'>Η</span> 
     </span>
     <span class='ocr_line' id='line_1_41' title="bbox 186 2200 1458 2236; baseline 0.001 -9"><span class='ocrx_word' id='word_1_453' title='bbox 186 2204 218 2227; x_wconf 83' lang='grc'>25</span> <span class='ocrx_word' id='word_1_454' title='bbox 239 2201 275 2227; x_wconf 79' lang='lat' dir='ltr'>acl</span> <span class='ocrx_word' id='word_1_455' title='bbox 294 2210 317 2227; x_wconf 71' lang='lat' dir='ltr'>v.</span> <span class='ocrx_word' id='word_1_456' title='bbox 339 2204 389 2227; x_wconf 88' lang='grc'>562</span> <span class='ocrx_word' id='word_1_457' title='bbox 411 2202 440 2227; x_wconf 75' lang='lat' dir='ltr'>in</span> <span class='ocrx_word' id='word_1_458' title='bbox 458 2209 542 2234; x_wconf 74' lang='lat' dir='ltr'>marq.</span> <span class='ocrx_word' id='word_1_459' title='bbox 563 2201 632 2227; x_wconf 86' lang='lat' dir='ltr'>bene</span> <span class='ocrx_word' id='word_1_460' title='bbox 652 2200 793 2234; x_wconf 82' lang='lat' dir='ltr'>improbat</span> <span class='ocrx_word' id='word_1_461' title='bbox 816 2201 874 2227; x_wconf 79' lang='lat' dir='ltr'>eius</span> <span class='ocrx_word' id='word_1_462' title='bbox 898 2210 1008 2228; x_wconf 88' lang='lat' dir='ltr'>sensum</span> <span class='ocrx_word' id='word_1_463' title='bbox 1032 2202 1078 2236; x_wconf 88' lang='lat' dir='ltr'>qui</span> <span class='ocrx_word' id='word_1_464' title='bbox 1100 2211 1150 2229; x_wconf 87' lang='lat' dir='ltr'>nec</span> <span class='ocrx_word' id='word_1_465' title='bbox 1170 2202 1266 2229; x_wconf 83' lang='lat' dir='ltr'>uideat</span> <span class='ocrx_word' id='word_1_466' title='bbox 1284 2211 1334 2229; x_wconf 88' lang='lat' dir='ltr'>nec</span> <span class='ocrx_word' id='word_1_467' title='bbox 1354 2202 1458 2228; x_wconf 79' lang='lat' dir='ltr'>audiat.</span> 
     </span>
     <span class='ocr_line' id='line_1_42' title="bbox 187 2236 1460 2272; baseline 0.001 -10"><span class='ocrx_word' id='word_1_468' title='bbox 187 2236 311 2270; x_wconf 84' lang='lat' dir='ltr'>zephiros</span> <span class='ocrx_word' id='word_1_469' title='bbox 331 2245 380 2270; x_wconf 90' lang='lat' dir='ltr'>pro</span> <span class='ocrx_word' id='word_1_470' title='bbox 400 2245 574 2270; x_wconf 87' lang='lat' dir='ltr'>quocumque</span> <span class='ocrx_word' id='word_1_471' title='bbox 593 2237 677 2262; x_wconf 84' lang='lat' dir='ltr'>uento</span> <span class='ocrx_word' id='word_1_472' title='bbox 701 2236 795 2270; x_wconf 79' lang='lat' dir='ltr'>posuit</span> <span class='ocrx_word' id='word_1_473' title='bbox 818 2237 981 2271; x_wconf 82' lang='lat' dir='ltr'>carthagine</span> <span class='ocrx_word' id='word_1_474' title='bbox 1001 2239 1073 2264; x_wconf 86' lang='lat' dir='ltr'>enim</span> <span class='ocrx_word' id='word_1_475' title='bbox 1093 2247 1147 2265; x_wconf 88' lang='lat' dir='ltr'>non</span> <span class='ocrx_word' id='word_1_476' title='bbox 1167 2239 1278 2272; x_wconf 81' lang='lat' dir='ltr'>zephiro</span> <span class='ocrx_word' id='word_1_477' title='bbox 1299 2238 1346 2264; x_wconf 89' lang='lat' dir='ltr'>sed</span> <span class='ocrx_word' id='word_1_478' title='bbox 1366 2239 1460 2264; x_wconf 80' lang='lat' dir='ltr'>austro</span> 
     </span>
     <span class='ocr_line' id='line_1_43' title="bbox 185 2271 1458 2308; baseline 0.001 -10"><span class='ocrx_word' id='word_1_479' title='bbox 185 2271 311 2306; x_wconf 86' lang='lat' dir='ltr'>nauigari</span> <span class='ocrx_word' id='word_1_480' title='bbox 332 2272 403 2298; x_wconf 81' lang='lat' dir='ltr'>solet</span> <span class='ocrx_word' id='word_1_481' title='bbox 425 2272 467 2305; x_wconf 78' lang='grc' dir='ltr'>ΤΗ</span> <span class='ocrx_word' id='word_1_482' title='bbox 482 2280 591 2298; x_wconf 80' lang='lat' dir='ltr'>sensum</span> <span class='ocrx_word' id='word_1_483' title='bbox 614 2272 650 2297; x_wconf 82' lang='lat' dir='ltr'>T:</span> <span class='ocrx_word' id='word_1_484' title='bbox 669 2280 728 2297; x_wconf 86' lang='lat' dir='ltr'>sum</span> <span class='ocrx_word' id='word_1_485' title='bbox 750 2271 779 2297; x_wconf 81' lang='lat' dir='ltr'>F</span> <span class='ocrx_word' id='word_1_486' title='bbox 804 2272 894 2298; x_wconf 84' lang='lat' dir='ltr'>visum</span> <span class='ocrx_word' id='word_1_487' title='bbox 914 2273 1016 2300; x_wconf 80' lang='lat' dir='ltr'>Daniel</span> <span class='ocrx_word' id='word_1_488' title='bbox 1030 2274 1139 2308; x_wconf 75' lang='lat' dir='ltr'>primus</span> <span class='ocrx_word' id='word_1_489' title='bbox 1152 2276 1161 2308; x_wconf 76' lang='lat' dir='ltr'>u</span> <span class='ocrx_word' id='word_1_490' title='bbox 1177 2278 1209 2300; x_wconf 80' lang='grc'>26</span> <span class='ocrx_word' id='word_1_491' title='bbox 1224 2276 1321 2300; x_wconf 84' lang='lat' dir='ltr'>ventos</span> <span class='ocrx_word' id='word_1_492' title='bbox 1342 2294 1346 2298; x_wconf 97' lang='lat'>.</span> <span class='ocrx_word' id='word_1_493' title='bbox 1363 2295 1368 2299; x_wconf 93' lang='lat'>.</span> <span class='ocrx_word' id='word_1_494' title='bbox 1385 2294 1390 2299; x_wconf 78' lang='lat'>.</span> <span class='ocrx_word' id='word_1_495' title='bbox 1410 2282 1458 2307; x_wconf 78' lang='lat' dir='ltr'>po-</span> 
     </span>
     <span class='ocr_line' id='line_1_44' title="bbox 187 2307 1459 2344; baseline 0.002 -11"><span class='ocrx_word' id='word_1_496' title='bbox 187 2307 271 2342; x_wconf 77' lang='lat' dir='ltr'>terat]</span> <span class='ocrx_word' id='word_1_497' title='bbox 296 2316 346 2340; x_wconf 88' lang='lat' dir='ltr'>pro</span> <span class='ocrx_word' id='word_1_498' title='bbox 366 2316 540 2341; x_wconf 83' lang='lat' dir='ltr'>quocumque</span> <span class='ocrx_word' id='word_1_499' title='bbox 559 2309 642 2333; x_wconf 84' lang='lat' dir='ltr'>uento</span> <span class='ocrx_word' id='word_1_500' title='bbox 664 2307 823 2341; x_wconf 82' lang='lat' dir='ltr'>carthagine</span> <span class='ocrx_word' id='word_1_501' title='bbox 844 2308 917 2334; x_wconf 85' lang='lat' dir='ltr'>enim</span> <span class='ocrx_word' id='word_1_502' title='bbox 936 2317 990 2335; x_wconf 88' lang='lat' dir='ltr'>non</span> <span class='ocrx_word' id='word_1_503' title='bbox 1011 2310 1128 2344; x_wconf 82' lang='lat' dir='ltr'>zephyro</span> <span class='ocrx_word' id='word_1_504' title='bbox 1149 2310 1195 2336; x_wconf 82' lang='lat' dir='ltr'>sed</span> <span class='ocrx_word' id='word_1_505' title='bbox 1216 2310 1307 2335; x_wconf 80' lang='lat' dir='ltr'>austro</span> <span class='ocrx_word' id='word_1_506' title='bbox 1327 2308 1459 2342; x_wconf 77' lang='lat' dir='ltr'>nauigare</span> 
     </span>
     <span class='ocr_line' id='line_1_45' title="bbox 186 2343 752 2377; baseline 0.002 -9"><span class='ocrx_word' id='word_1_507' title='bbox 186 2343 256 2373; x_wconf 82' lang='lat' dir='ltr'>solet</span> <span class='ocrx_word' id='word_1_508' title='bbox 276 2343 325 2376; x_wconf 79' lang='lat' dir='ltr'>Fu</span> <span class='ocrx_word' id='word_1_509' title='bbox 340 2343 471 2377; x_wconf 68' lang='lat' dir='ltr'>zephyro]</span> <span class='ocrx_word' id='word_1_510' title='bbox 494 2352 542 2377; x_wconf 78' lang='lat' dir='ltr'>per</span> <span class='ocrx_word' id='word_1_511' title='bbox 561 2344 695 2377; x_wconf 77' lang='lat' dir='ltr'>zephyros</span> <span class='ocrx_word' id='word_1_512' title='bbox 718 2343 752 2369; x_wconf 77' lang='lat' dir='ltr'><em>M</em></span> 
     </span>
    </p>
   </div>
   <div class='ocr_carea' id='block_1_7' title="bbox 1477 677 1509 701">
    <p class='ocr_par' dir='ltr' id='par_1_15' title="bbox 1477 677 1509 701">
     <span class='ocr_line' id='line_1_46' title="bbox 1477 677 1509 701; baseline 0 0"><span class='ocrx_word' id='word_1_513' title='bbox 1477 677 1509 701; x_wconf 90' lang='lat'>10</span> 
     </span>
    </p>
   </div>
   <div class='ocr_carea' id='block_1_8' title="bbox 1481 946 1510 968">
    <p class='ocr_par' dir='ltr' id='par_1_16' title="bbox 1481 946 1510 968">
     <span class='ocr_line' id='line_1_47' title="bbox 1481 946 1510 968; baseline 0 0"><span class='ocrx_word' id='word_1_514' title='bbox 1481 946 1510 968; x_wconf 83' lang='lat'>15</span> 
     </span>
    </p>
   </div>
  </div>
 </body>
</html>
