1690 2611
192 122 331 149 LXXXIV
721 121 936 148 PRAEFATIO.

282 204 511 236 Duodecimi
543 204 661 236 saeculi
687 205 736 235 est
761 203 859 235 codex
883 203 1132 235 Monacensis
1160 204 1280 246 18059,
1305 205 1383 236 olim
1407 206 1473 237 Te-

194 260 444 302 gernseensis
478 259 534 300 59,
567 270 605 290 ex
639 259 703 289 233
733 258 929 290 membranis
964 258 1087 290 formae
1121 258 1281 289 maximae
1314 261 1474 298 constans,

195 325 331 355 quarum
359 314 420 345 162
446 313 570 354 priores
590 311 692 344 Servii
713 312 994 353 commentarium,
1018 312 1161 354 reliquae
1181 311 1303 344 Donati
1321 313 1423 345 vitam
1443 315 1475 345 et

195 366 367 398 Octaviani
382 367 437 407 qui
452 366 601 397 feruntur
616 376 741 406 versus,
756 364 896 407 Vergilii
911 365 1060 397 bucolica
1072 391 1080 406 ‚
1102 366 1267 407 georgica,
1290 365 1476 409 Aeneidem,

195 421 370 461 Moretnm‚
401 419 637 460 Maecenatem,
668 419 834 460 Priapeia,
867 418 991 460 Oopam
1027 419 1158 451 habent.
1209 420 1367 462 inscripta
1401 423 1476 452 sunt

195 474 428 506 commentario
453 482 583 505 INCIPIT
606 482 793 505 EXPOSITIO
823 481 938 505 SERVII
966 482 1183 505 GRAMMATICI
1213 483 1249 505 IN
1276 482 1475 506 BVOOLICON

196 538 238 560 ET
255 538 292 560 IN
308 537 437 559 LIBRVM
453 535 655 559 GEORGICON
670 536 786 565 ATQvE
801 536 1003 558 AENEADVM.
1034 538 1114 569 quae
1124 527 1189 568 ipsi
1204 527 1332 559 librarii
1344 529 1477 570 scripse-

196 585 285 624 runt,
309 593 384 614 nam
408 592 474 613 11011
498 582 537 612 ab
563 592 626 612 uno
652 581 752 612 codex
772 582 923 612 exaratus
950 582 1011 622 est,
1036 592 1109 612 cum
1133 581 1295 623 Lipsiensi
1320 584 1352 613 et
1378 581 1477 613 Ham-

196 637 351 678 burgensi
375 636 563 677 plerumque
590 635 808 676 consentiunt,
832 635 859 666 is
884 635 939 676 qui
963 646 1000 666 ea
1020 635 1161 666 correxit
1181 637 1237 666 aut
1260 636 1332 676 ipso
1357 635 1479 667 Frisiu-

198 691 289 733 gensi
315 691 370 721 aut
395 690 478 720 libro
504 689 572 720 eius
603 689 703 720 simili
726 699 803 719 usus
834 690 893 720 est.
937 689 1059 720 contuli
1088 700 1161 720 cum
1189 689 1250 720 hoc
1275 689 1382 721 codice
1407 701 1478 731 par-

197 745 314 776 ticulas
340 743 495 785 quasdam
525 743 558 773 in
583 742 725 783 primum
754 742 907 774 Aeneidis
937 742 1055 773 librum
1085 743 1320 784 commentarii,
1349 743 1479 774 seciuidi

199 801 231 830 et
259 798 349 829 tertii
378 797 452 828 libri
485 796 753 827 commentarium
783 797 898 827 totum.
934 814 970 818 —
1004 797 1083 837 ipsis
1114 796 1254 838 Vergilii
1283 797 1479 828 carminibus

198 853 282 884 inter
306 862 416 882 versus
442 851 570 891 glossae
595 851 627 880 et
654 850 939 890 interpretationes
963 850 1168 891 paucissimis
1199 850 1308 882 verbis
1338 861 1480 892 compre-

198 907 332 945 hensae,
356 905 389 935 in
413 903 615 945 marginibus
636 903 794 944 ampliora
814 903 937 934 scholia
952 903 1117 944 adscripta
1133 905 1216 935 sunt.
1249 904 1334 935 inter
1354 904 1480 945 glossas

200 960 287 991 haud
311 969 429 1000 paucas
450 957 588 988 inveniri
612 968 729 989 moneo
755 957 967 998 germanicas.
1010 957 1132 989 scholia
1148 959 1255 988 autem
1281 968 1317 989 eo
1342 958 1481 989 maxime

202 1013 337 1046 consilio
355 1011 536 1043 examinavi
550 1022 590 1042 ne
602 1011 678 1052 quid
693 1010 923 1052 neglegeretur
939 1011 1023 1052 quod
1040 1011 1079 1042 ad
1091 1010 1282 1043 Servianum
1298 1013 1354 1042 aut
1370 1011 1409 1043 ad
1420 1010 1482 1042 Da-

200 1068 357 1100 nielinum
369 1065 641 1097 commentarium
658 1064 894 1096 emendandum
910 1065 990 1096 utile
1008 1067 1100 1096 esset.
1126 1067 1222 1106 atque
1233 1067 1360 1106 partem
1372 1077 1482 1097 eorum

202 1133 218 1153 e
235 1121 348 1162 Servii,
372 1121 498 1162 partem
523 1130 538 1149 e
559 1118 681 1150 Tiberii
701 1118 822 1150 Donati
847 1118 947 1160 copiis
973 1118 1153 1150 derivatam
1169 1130 1238 1151 esse
1255 1119 1401 1160 cognovi.
1427 1118 1482 1150 sed

202 1175 341 1207 aliorum
366 1174 465 1205 etiam
489 1173 703 1214 interpretum
729 1174 911 1204 commenta
939 1172 1065 1204 videtur
1093 1173 1120 1204 is
1150 1173 1205 1214 qui
1233 1173 1294 1205 hoc
1323 1184 1482 1205 commen-

202 1229 355 1261 tariolum
381 1227 564 1268 composuit
587 1227 622 1257 in
646 1237 740 1257 suum
763 1237 856 1257 usum
888 1226 1098 1267 convertisse,
1128 1227 1228 1258 veluti
1257 1227 1341 1268 quod
1365 1226 1445 1258 Aen.
1469 1227 1484 1257 I

203 1284 243 1314 27
271 1282 399 1314 Servius
425 1281 546 1312 multos
571 1280 670 1312 verba
696 1291 777 1321 quae
802 1281 877 1311 sunt
907 1279 1113 1321 ‘spretaeque
1137 1281 1256 1312 iniuria
1280 1280 1418 1312 formae'
1444 1280 1484 1312 ad

204 1336 415 1378 Antigonam,
439 1334 670 1367 Laomedontis
690 1334 805 1375 filiam,
829 1334 979 1365 retulisse
1004 1334 1094 1375 dicit,
1124 1346 1160 1366 ea
1184 1334 1297 1366 fabula
1320 1335 1415 1376 plene
1440 1336 1485 1365 at-

206 1402 266 1432 que
300 1389 420 1421 eisdem
451 1389 517 1420 fere
549 1388 670 1428 verbis,
701 1387 817 1429 quibus
848 1387 1109 1428 mythographus
1137 1387 1152 1418 Ι
1183 1387 1247 1419 fab.
1283 1387 1344 1419 179
1373 1388 1485 1429 utitur,

204 1446 337 1475 narrata
361 1444 418 1474 est.
460 1443 493 1474 in
519 1442 657 1474 secundo
683 1452 807 1482 quoqne
832 1441 915 1472 libro
942 1440 996 1483 (ad
1020 1442 1115 1482 v.15‚
1135 1442 1185 1483 21,
1206 1442 1257 1480 27,
1278 1440 1334 1484 79)
1357 1441 1485 1473 fabulas

205 1499 242 1529 de
268 1508 349 1538 equo
374 1496 533 1536 Troiano⁷
559 1496 596 1527 de
620 1496 719 1534 Tene,
744 1495 781 1526 de
807 1495 1015 1526 Doriensium
1044 1496 1172 1537 itinere,
1201 1496 1239 1527 de
1264 1494 1415 1537 Sinone¹)
1439 1495 1486 1526 ita

205 1551 369 1593 expositas
402 1561 471 1581 esse
503 1550 582 1591 vidi,
613 1552 649 1581 ut
674 1560 693 1581 a
717 1549 820 1580 doctis
849 1549 1034 1580 auctoribus
1066 1561 1124 1581 sua
1155 1549 1308 1591 petivisse
1340 1549 1486 1580 videatur

279 1676 303 1709 1)
324 1675 361 1701 ad
381 1683 403 1701 υ.
426 1677 457 1700 15
479 1674 633 1700 ‘arantinus
654 1673 722 1699 dicit
736 1672 818 1699 fuisse
838 1672 866 1698 in
883 1672 1058 1706 longitudine
1074 1673 1159 1707 pedes
1175 1694 1180 1699 .
1198 1672 1225 1699 C.
1247 1673 1275 1699 et
1289 1672 1317 1698 in
1337 1671 1486 1698 latitudine

207 1715 300 1750 pedes.
321 1715 338 1741 b
358 1715 417 1741 eius
437 1715 473 1740 ad
494 1714 610 1741 caudam
632 1715 660 1740 et
679 1722 771 1747 genua
790 1713 906 1739 mobilia
930 1713 1014 1739 fuisse
1034 1713 1171 1739 tradidit’.
1210 1713 1253 1739 ad.
1275 1721 1298 1739 v.
1318 1715 1351 1738 21
1374 1711 1486 1746 ‘gignus

206 1755 323 1789 neptuni
344 1755 417 1781 1111113
437 1763 470 1781 ex
490 1754 595 1788 prodea
614 1753 686 1780 filios
712 1752 811 1780 habuit
834 1753 958 1780 tenidem
979 1754 1007 1779 et
1026 1753 1166 1780 dunetem.
1204 1753 1234 1779 hi
1258 1753 1416 1779 habuerunt
1439 1761 1486 1778 no-

208 1804 319 1821 uercam
340 1795 493 1829 polipham.
516 1802 586 1828 quae
607 1803 668 1820 cnm
688 1794 811 1820 tenidem
832 1793 936 1819 inceste
952 1794 1061 1819 amaret
1075 1794 1104 1819 et
1123 1793 1300 1827 obstruptum
1319 1801 1375 1819 non
1394 1794 1489 1826 posset

208 1835 351 1861 intendere
371 1835 444 1861 ultro
466 1835 541 1868 apud
561 1836 670 1868 patrem
690 1834 769 1859 illum
791 1833 939 1860 criminata
958 1834 1008 1859 0313.
1047 1833 1094 1859 ille
1110 1833 1223 1860 teniden
1244 1841 1308 1859 arca
1327 1832 1442 1859 inclusit
1461 1833 1489 1859 et

209 1884 331 1902 sororem
352 1883 423 1908 quae
444 1875 612 1908 sequebatur
626 1875 723 1908 sponte
734 1874 849 1900 fratrem
866 1873 894 1899 in
910 1882 986 1899 mare
1002 1872 1112 1899 abiecit.
1142 1874 1282 1907 neptunus
1297 1873 1391 1899 autem
1407 1881 1489 1906 opem

208 1915 402 1942 innocentibus
423 1915 519 1941 attulit
539 1916 567 1941 et
586 1915 621 1941 ad
640 1914 760 1940 insulam
781 1922 851 1948 qnae
877 1914 920 1940 leo
941 1913 1037 1947 caprix
1056 1915 1174 1940 uocatur
1198 1913 1308 1948 appulit
1328 1921 1429 1947 easque
1449 1914 1489 1939 te-

208 1955 288 1982 nidos
308 1954 485 1981 nominavit’.
521 1956 564 1988 (cf.
586 1955 708 1981 Pausan.
725 1955 748 1980 X
767 1958 806 1987 14,
825 1957 837 1980 1
850 1955 922 1988 sqq).
958 1954 1001 1980 ml.
1022 1962 1045 1979 v.
1062 1957 1094 1980 27
1113 1954 1204 1980 ‘dorix
1223 1954 1339 1988 neptuni
1359 1955 1386 1980 et
1401 1962 1489 1980 emer—

208 1995 292 2030 lippis
313 1996 386 2021 filius
407 2004 423 2021 a
443 2004 496 2028 quo
519 1995 607 2021 dorici
626 1994 813 2021 nominantur.
848 1994 877 2020 hi
896 1994 1015 2028 primurn
1037 1994 1109 2019 inter
1134 1993 1191 2020 alia
1214 1994 1340 2020 subiecta
1359 1995 1417 2029 (le-qi
1438 1994 1488 2020 sub

211 2038 291 2069 Octa)
311 2037 406 2062 111011ὺο
432 2035 575 2061 domicilia,
599 2036 757 2061 habuerunt
776 2035 875 2069 postea
894 2033 1049 2060 moniciora
1069 2034 1145 2060 culta
1166 2035 1224 2068 (leq.
1245 2034 1345 2060 moniti
1364 2033 1488 2067 oraculo)

210 2075 343 2110 apollinis
363 2075 554 2109 pilopensibus
574 2075 744 2102 transierunt
762 2075 856 2108 ibique
881 2074 960 2100 iectis
985 2074 1058 2108 (fort.
1079 2074 1161 2100 uictis
1188 2075 1228 2101 vel
1252 2073 1392 2106 subiectis)
1418 2073 1489 2107 pilo-

214 2116 344 2151 pensibus
364 2116 546 2141 manserunt’.
586 2116 622 2141 nd
646 2123 668 2142 v.
687 2118 718 2140 79
741 2114 796 2140 ‘his
817 2114 901 2140 sionis
921 2115 978 2148 (leq.
1005 2114 1050 2141 hic
1070 2114 1185 2147 Aesimi)
1205 2113 1278 2140 filius
1297 2112 1366 2139 ulixi
1385 2114 1412 2139 et
1427 2121 1488 2139 san-

212 2155 295 2191 guine
324 2157 352 2182 ct
376 2155 504 2181 manibus
533 2155 644 2181 iunctus
673 2155 779 2189 ciprum
804 2155 923 2182 insulam
954 2154 1054 2181 missus
1082 2156 1114 2181 ut
1141 2155 1259 2180 adonem
1286 2153 1401 2179 fluuium
1430 2153 1488 2186 (leq.

210 2196 310 2230 filium)
330 2196 412 2222 eui-iti
432 2196 505 2229 regis
532 2195 693 2222 sidonorum
714 2195 751 2222 ad
776 2195 879 2222 bellum
904 2195 992 2222 troiae
1017 2195 1130 2222 <luceret
1154 2195 1182 2221 et
1204 2193 1365 2228 inpediente
1390 2195 1488 2219 uenere

213 2247 284 2272 qnae
305 2237 393 2264 adone
414 2236 552 2270 diligebat
577 2236 611 2262 ad
637 2239 703 2262 euru
729 2235 874 2262 filiothelei
904 2235 989 2262 111111ἱῇ
1016 2236 1088 2268 (fort⁴
1119 2235 1153 2260 ad
1177 2232 1349 2269 Euffiypylutu
1373 2232 1490 2266 Telephi

213 2279 299 2304 filium
321 2278 355 2309 cf.
376 2277 450 2303 Ilici.
474 2277 540 2302 Cret.
565 2277 585 2301 ΙΙ
608 2278 633 2308 5)
663 2276 741 2302 uenit
769 2286 785 2302 a
813 2285 867 2309 quo
894 2276 1055 2302 uulneratus
1079 2276 1122 2301 est
1145 2275 1173 2300 et
1197 2274 1269 2306 (fort.
1294 2273 1335 2306 ut)
1360 2271 1418 2299 sine
1443 2273 1489 2306 glfi,

213 2320 257 2350 (=
281 2317 382 2352 gloria)
403 2318 485 2344 esset.
515 2316 622 2349 graecis
639 2316 735 2342 dolum
751 2316 952 2342 instruentibus
973 2324 1000 2342 se
1020 2314 1123 2342 obtulit
1138 2313 1185 2348 qui
1199 2313 1323 2339 troianos
1342 2312 1490 2339 mandatus

212 2358 373 2386 infalleret’.
