1690 2611
711 126 926 152 PRAEFATIO.
1430 125 1454 151 V

179 223 252 244 cum
288 223 325 243 ea
354 222 434 252 quae
465 210 503 242 de
532 209 689 251 plenioris
720 207 945 240 commentarii
974 207 1098 249 origine
1121 207 1202 238 locis
1226 207 1365 238 laudatis
1390 206 1455 237 dixi

180 265 355 297 maximam
390 266 517 306 partem
553 263 719 303 amplexus
755 261 810 302 sit,
850 261 919 292 fieri
951 272 1017 292 non
1050 261 1156 303 potuit
1189 260 1265 301 quin
1299 259 1455 300 quaedam

182 331 290 351 eorum
324 319 496 359 occuparet
519 328 600 358 quae
625 316 659 347 in
682 315 743 347 hac
767 314 967 356 praefatione
993 314 1195 355 expositurus
1220 325 1299 344 sum.
1341 312 1396 344 sed
1420 314 1457 343 ut

182 374 309 404 mittam
340 372 380 403 ad
412 383 449 403 ea
480 371 517 402 de
548 370 663 412 quibus
698 368 918 400 consentimus
948 367 1146 399 defendenda
1173 378 1238 398 non
1267 366 1377 398 eadem
1406 376 1456 396 me

182 438 246 467 qua
264 427 357 458 illum
377 425 429 457 via
448 426 630 467 ingressum
650 433 734 463 esse,
758 422 861 453 habeo
885 432 965 463 quae
986 421 1074 451 illius
1094 419 1309 461 disputationi
1333 419 1456 459 addam,

183 482 256 511 sunt
280 480 378 511 etiam
401 479 439 510 de
463 478 579 520 quibus
604 477 687 507 inter
710 486 769 506 nos
793 486 859 506 non
879 473 1058 506 conveniat.
1089 473 1213 504 duabus
1234 475 1341 504 tamen
1361 472 1456 503 rebus

181 533 300 565 librum
327 533 418 564 illum
447 543 512 563 non
542 531 676 572 exiguae
706 529 787 560 mihi
818 528 953 560 utilitati
983 527 1082 558 fuisse
1107 526 1270 558 confiteor.
1318 526 1457 566 primum

182 587 268 618 euim
292 586 433 618 Thomas
458 586 491 617 in
516 584 674 616 Parisinis
699 582 921 623 bibliothecis,
954 592 1033 623 quas
1057 581 1090 612 in
1114 580 1174 611 hoc
1198 580 1381 610 litterarum
1406 589 1458 620 gez

182 651 256 672 nere
286 639 426 682 egregiis
455 637 680 670 instrumentis
710 636 872 668 abundare
903 636 1044 675 constat,
1075 633 1176 664 libros
1206 633 1343 673 aliquot7
1377 643 1457 673 quos

183 694 263 725 mihi
291 693 425 725 Parisiis
455 692 597 724 versanti
627 693 759 732 propter
790 689 944 730 temporis
975 687 1144 729 angustias
1167 686 1231 717 nisi
1254 685 1368 716 leviter
1393 696 1458 716 non

182 747 275 779 licuit
298 747 471 788 inspicere,
496 745 676 777 accuratius
701 743 854 775 tractavit
882 744 978 784 atque
1007 752 1072 772 non
1100 751 1202 781 pauca
1226 739 1299 770 inde
1323 739 1459 779 protulit

183 812 264 843 quae
288 812 340 832 me
363 799 524 842 fugerunt.
568 798 681 830 deinde
706 808 787 838 quae
812 796 852 827 ad
876 796 1044 836 utriusque
1069 793 1293 826 commentarii
1316 792 1458 823 rationes

183 854 421 896 cognoscendas
445 854 539 884 utilia
563 852 757 884 videbantur
781 850 952 891 diligenter
983 848 1114 889 collegit
1138 850 1169 878 et
1193 848 1267 887 apte
1291 845 1459 886 disposuit,

183 920 247 950 qua
274 919 308 939 re
340 919 412 939 cum
441 907 522 938 mihi
551 906 692 946 aliquam
721 904 842 935 laboris
873 904 999 943 partem
1023 901 1141 932 minuit
1163 902 1232 931 tum
1258 910 1368 931 eorum
1394 901 1459 930 stu-

183 962 243 993 diis
277 961 404 1003 egregie
439 959 601 992 consuluit
637 958 691 1000 qui
719 959 864 989 veterum
888 955 1030 997 Vergilii
1058 955 1272 995 interpretum
1291 953 1458 993 reliquias

184 1015 368 1047 tractandas
394 1026 413 1045 a
435 1014 529 1045 nobis
555 1012 740 1053 suscipient.

275 1068 336 1100 Sed
364 1070 400 1098 ut
429 1067 468 1098 ad
497 1077 564 1098 rem
593 1066 697 1106 ipsam
726 1064 875 1096 accedam
905 1065 937 1094 et
965 1073 1118 1104 quaeram
1149 1072 1226 1092 num
1250 1060 1308 1091 illa
1333 1063 1513 1108 (1110111103)ίὲἸΠ
1512 1062 1620 1107 {¹3¹3

185 1133 265 1164 quae
293 1121 476 1163 pleniorum
505 1120 662 1151 librorum
691 1118 824 1159 propria
853 1118 917 1148 sint
946 1128 983 1148 ex
1013 1117 1141 1156 integro
1167 1114 1270 1146 Servii
1299 1125 1458 1146 commen·
1487 1116 1597 1161 «ἓξὲξ-Ξί-

183 1175 267 1207 tario
296 1175 466 1206 videantur
495 1174 686 1214 deprompta
715 1182 798 1212 esse,
830 1170 948 1211 duplex
976 1172 1037 1210 est,
1062 1172 1097 1200 ut
1126 1168 1306 1211 generatim
1337 1168 1460 1208 loquar,

187 1240 297 1260 eorum
317 1228 416 1259 ratio:
441 1229 498 1258 aut
517 1227 602 1258 enim
622 1226 692 1266 ipsa
712 1225 845 1265 vulgata
864 1224 988 1255 scholia
1009 1223 1054 1254 eis
1075 1223 1278 1263 supplentur,
1303 1225 1359 1253 aut
1378 1232 1461 1252 nova

184 1282 406 1324 proferuntur,
436 1291 516 1322 quae
545 1279 674 1310 etiamsi
699 1290 717 1309 a
741 1278 881 1319 vulgatis
906 1279 1056 1317 separata
1079 1287 1136 1317 per
1161 1287 1193 1306 se
1219 1277 1344 1316 spectes
1369 1285 1460 1305 suam

184 1338 294 1367 tamen
326 1335 449 1366 habent
483 1333 675 1375 dignitatem
709 1332 776 1363 sive
810 1342 860 1362 res
894 1330 933 1362 ad
967 1329 1105 1371 Vergilii
1138 1329 1236 1360 verba
1272 1328 1461 1369 explicanda

186 1389 280 1421 utiles
305 1389 372 1420 sive
393 1379 677 1428 interpretationes
697 1385 904 1426 praebentur,
929 1394 1064 1424 quarum
1084 1383 1116 1413 in
1135 1382 1282 1414 breviore
1302 1393 1461 1413 commen-

186 1443 270 1474 tario
293 1442 384 1472 nulla
407 1441 528 1472 mentio
553 1440 640 1471 facta
663 1440 721 1469 est.
754 1438 834 1469 haec
858 1448 942 1468 nova
966 1438 1074 1467 autem
1098 1435 1240 1477 vulgatis
1265 1438 1320 1466 aut
1340 1435 1462 1466 inserta

186 1496 237 1527 vel
268 1495 406 1527 arctiore
446 1493 585 1535 quodam
620 1491 747 1523 vinculo
782 1502 854 1522 cum
886 1490 930 1521 eis
965 1489 1149 1529 coniuncta,
1183 1490 1239 1520 aut
1272 1488 1462 1529 simpliciter

187 1549 296 1580 addita
319 1548 370 1579 vel
395 1547 509 1579 leviter
535 1546 658 1577 adnexa
682 1546 770 1585 sunt,
795 1546 851 1575 aut
878 1543 1014 1584 denique
1035 1543 1074 1574 ad
1091 1542 1228 1583 Vergilii
1247 1542 1345 1573 verba
1365 1541 1461 1582 perti-

189 1604 280 1643 nent,
304 1602 342 1632 de
367 1601 481 1642 quibus
506 1601 540 1632 in
563 1599 710 1631 breviore
735 1597 965 1630 commentario
990 1596 1073 1628 nihil
1097 1595 1219 1627 dictum
1244 1597 1303 1626 est.

276 1655 383 1696 Atque
416 1654 642 1695 supplementa
676 1652 805 1694 quidem
838 1652 1043 1693 vulgatorum
1077 1649 1273 1681 scholiorum
1310 1658 1462 1689 magnam

188 1711 315 1750 partem
345 1708 516 1739 admodum
546 1707 658 1738 brevia
682 1708 757 1737 sunt
781 1708 876 1746 atque
901 1708 968 1736 tam
992 1704 1082 1744 vilia,
1111 1705 1147 1734 111
1169 1702 1262 1734 facile
1287 1703 1332 1733 eis
1358 1713 1462 1733 carea-

188 1774 273 1804 mus,
297 1761 398 1793 veluti
421 1761 478 1792 illa
503 1771 582 1801 quae
607 1771 636 1801 p.
662 1760 694 1800 7,
718 1760 773 1799 213
798 1758 831 1799 9,
858 1759 910 1799 143
935 1758 990 1795 20,
1015 1757 1070 1797 223
1095 1757 1151 1797 21,
1176 1757 1195 1787 2
1221 1757 1252 1787 et
1276 1756 1310 1796 93
1335 1755 1386 1796 22,
1407 1756 1462 1796 233

189 1816 244 1856 23,
270 1816 286 1846 1
316 1813 381 1857 (‘de
409 1813 554 1856 forma’);
585 1813 641 1854 29,
668 1813 707 1844 18
740 1814 772 1843 01
807 1811 859 1852 193
896 1811 971 1851 114,
1002 1811 1040 1841 11
1071 1821 1086 1840 e
1117 1808 1304 1841 Cassellano
1333 1811 1463 1850 recepta

189 1870 272 1900 sunt.
317 1868 397 1899 haec
430 1870 463 1899 et
495 1867 546 1898 his
579 1866 698 1897 similia
730 1867 838 1896 utrum
873 1865 912 1895 ab
945 1865 1017 1905 ipso
1051 1863 1208 1895 brevioris
1239 1862 1463 1894 commentarii

190 1922 346 1963 scriptore
377 1921 523 1962 profecta
552 1924 583 1952 et
612 1920 663 1952 vel
687 1920 906 1951 breviatorum
931 1918 1064 1949 libidine
1089 1917 1217 1949 sublata
1242 1917 1291 1948 vel
1316 1916 1462 1947 librario-

190 1986 262 2007 rum
285 1974 492 2016 neglegentia
516 1973 650 2012 omissa,
674 1984 715 2003 an
739 1972 889 2003 inferiore
914 1973 1019 2002 aetate
1044 1973 1080 2002 ut
1103 1970 1229 2002 facilius
1250 1969 1324 2010 quid
1346 1969 1464 2001 voluis-

192 2031 241 2060 set
277 2028 332 2059 11Ιο
365 2027 608 2068 intellegeretur
646 2026 755 2057 addita
792 2025 870 2066 sint,
908 2025 960 2055 vix
996 2026 1104 2065 potest
1142 2023 1318 2054 diiudicari.
1365 2022 1463 2054 etiam

191 2081 337 2122 exempla
372 2091 453 2121 quae
485 2080 612 2121 vulgati
641 2079 862 2111 commentarii
886 2079 1066 2119 praeceptis
1091 2078 1124 2108 in
1148 2076 1348 2118 plenioribus
1373 2075 1463 2106 libris

191 2135 341 2176 adposita
367 2144 436 2165 esse
460 2133 604 2164 videmus
627 2132 733 2176 facile⁸
747 2134 783 2163 ut
803 2132 909 2163 omitti
929 2133 975 2163 ita
995 2132 1069 2163 addi
1084 2132 1236 2172 poterant
1251 2129 1303 2171 (cf.
1319 2141 1347 2170 p.
1367 2129 1414 2168 10,
1431 2129 1464 2168 23

191 2189 246 2229 24,
271 2188 328 2229 25,
351 2188 406 2227 27,
431 2187 464 2226 33
489 2186 545 2226 37,
569 2186 617 2227 6),
645 2185 724 2216 item
749 2185 888 2216 adscribi
912 2185 968 2216 ubi
992 2195 1068 2216 voce
1093 2184 1202 2225 aliqua
1227 2183 1277 2214 vel
1302 2182 1463 2213 locutione

192 2242 257 2273 alia
275 2240 402 2272 ratione
421 2241 519 2280 poeta
534 2249 609 2269 usus
626 2240 711 2269 esset
726 2240 822 2278 atque
837 2248 874 2269 eo
890 2238 960 2269 loco
977 2237 1014 2268 (10
1031 2248 1093 2279 quo
1110 2237 1226 2268 dicitur
1243 2235 1295 2277 (cf.
1310 2247 1339 2276 p.
1356 2235 1407 2275 25,
1422 2234 1463 2265 33

192 2297 224 2326 et
251 2294 325 2333 111,
348 2293 410 2332 15).
442 2292 497 2323 sed
521 2290 729 2322 inveniuntur
753 2301 829 2322 sane
853 2291 968 2331 quibus
993 2291 1127 2331 vulgata
1154 2289 1277 2321 scholia
1302 2292 1369 2320 tam
1390 2290 1464 2328 apte

193 2347 381 2388 expleantur
406 2355 549 2386 quaeque
573 2346 685 2375 tantae
710 2343 897 2375 eruditionis
922 2343 1000 2384 sint,
1024 2345 1059 2374 ut
1078 2354 1144 2374 non
1162 2342 1289 2383 possint
1309 2341 1347 2372 ad
1367 2341 1464 2372 inter-
