1690 2611
456 112 569 140 COMM.
589 113 628 139 IN
646 111 752 139 VERG.
772 110 855 137 AEN.
876 111 894 137 I.
915 114 1064 137 520—533.
1334 110 1397 142 163

121 196 158 226 ut
179 193 335 226 Horatius
361 194 425 235 qui
448 205 544 226 nunc
568 194 759 236 Hesperia
783 203 913 234 sospes
939 193 983 223 ab
1007 192 1152 223 ultima.
1191 195 1223 224 et
1246 192 1326 224 haec
1350 195 1399 223 est

122 259 198 279 vera
216 247 387 288 Hesperia,
412 247 452 278 ab
477 247 623 289 Hespero
647 247 746 288 dieta,
770 246 802 277 id
826 248 876 278 est
900 246 995 277 stella
1019 246 1220 277 occidentali*
1258 248 1399 277 ceterum

120 300 219 332 Italia
237 301 396 342 Hesperia
421 301 536 332 dicitur
561 312 580 332 a
602 300 701 332 fratre
720 300 880 340 Atlantis,
904 299 958 340 qui
982 299 1093 339 pulsus
1119 311 1137 330 a
1161 310 1316 340 germano
1336 299 1400 330 Ita-

121 354 199 385 liam
233 354 340 385 tenuit
368 353 460 395 eique
488 364 604 385 nomen
637 353 792 395 pristinae
821 353 962 394 regionis
997 352 1154 393 inposuit,
1187 352 1400 393 utUHyginus

123 407 224 438 docet.
315 420 387 439 GRAI
404 420 567 440 COGNOMINE
585 419 693 439 murm
714 407 784 438 bene
800 406 919 447 ³Grai',
943 408 978 437 ut
1000 408 1028 437 et
1046 406 1114 445 ipsa
1133 408 1300 446 coynoscat,
1324 406 1403 437 sicut

121 461 156 491 in
179 462 280 492 octavo
304 461 467 501 Electra,
491 463 532 491 'ut
555 459 649 492 Grai
667 459 875 500 perhibent,
898 459 1096 490 Atlantide
1118 461 1246 490 cretus.

211 514 285 545 531.
322 523 479 552 ANTIQVA
502 513 635 554 nobilis3
659 524 718 545 nec
734 513 820 544 enim
835 524 919 544 nova
934 523 1003 544 esse
1023 514 1145 553 potest,
1169 511 1246 543 licet
1265 512 1402 552 primam

124 570 244 599 terram
264 562 444 599 suam'esse
463 567 572 598 dicant
587 567 813 598 Athenienses.
903 579 1010 598 POTENS
1030 579 1120 597 Amas
1142 566 1265 597 dicendo
1289 565 1404 605 ‘patens

123 620 242 659 armis’,
269 621 420 652 Troianos
444 621 594 658 laudavit,
618 623 653 651 ut
675 621 854 660 ostenderet,
877 630 939 651 non
962 630 993 651 se
1016 619 1186 651 bellicosam
1210 619 1313 649 timere
1331 629 1404 659 pro—

123 675 266 705 vinciam.
357 682 469 704 VBERE
493 682 631 704 GLEBAE
657 673 767 704 ‘uber'
792 673 921 714 proprie
951 674 1001 703 est
1025 672 1212 704 fecunditas.
1261 674 1293 703 et
1322 671 1403 703 bene

126 727 242 759 Italiae
280 727 433 758 virtutem
470 726 766 767 fecunditatemque
803 726 988 767 conlaudat,
1024 737 1064 756 ne
1103 725 1247 757 Africam
1284 725 1405 766 petisse

74 803 79 808 ·
127 781 304 812 videantur.

214 834 287 865 532.
313 842 465 865 OENOTRI
481 842 643 865 convenii:
659 843 731 864 vnn
752 833 841 864 deest
857 832 986 874 ‘quam'.
1017 832 1173 864 Oenotria
1193 834 1301 863 autem
1320 832 1406 863 (licta

128 888 176 918 est
199 887 250 918 vel
274 898 293 918 a
316 887 390 917 vino
416 886 554 928 optimo,
578 887 663 928 quod
688 887 721 918 in
746 886 844 918 Italia
872 886 1028 926 nascitur,
1060 886 1111 917 vel
1134 888 1170 917 ut
1193 885 1299 917 Varro
1329 885 1408 917 dicit

125 941 165 971 ab
195 939 351 980 Oenotro,
379 950 455 981 rege
487 938 682 970 Sabinorum
711 939 821 978 †qnia
850 939 909 970 aliz?
935 941 1057 978 partem
1086 938 1201 969 Italiae
1230 938 1406 970 Oenotriam

127 994 255 1025 tradunt
277 1004 313 1025 ex
337 993 478 1024 Arcadia
495 992 668 1032 profectum
692 993 725 1023 in
749 992 879 1024 Italiam
902 992 1017 1023 venisse
1040 1002 1109 1022 eum
1130 991 1268 1031 Pelasffl's
1290 995 1319 1022 et
1340 1002 1407 1023 eam

126 1047 410 1091 sibicoynominem
430 1046 544 1085 fecisse.
626 1055 721 1077 FAMA
742 1046 950 1077 subaudimus
971 1044 1053 1076 iest'.
1136 1053 1287 1076 MINORES
1309 1045 1408 1076 maio-

126 1110 176 1130 res
211 1102 243 1130 et
275 1099 599 1140 minoresquotiens
633 1099 671 1130 de
704 1109 820 1139 genere
855 1098 990 1129 dicimus
1023 1098 1148 1129 numeri
1177 1100 1252 1129 sunt
1279 1100 1407 1129 tantuin

127 1152 274 1193 pluralis.

215 1206 288 1237 533.
327 1214 473 1236 ITALIAM
498 1205 600 1237 Italus
624 1216 679 1237 rex
704 1205 834 1237 Siciliae
859 1205 898 1236 ad
927 1216 997 1236 eam
1025 1207 1152 1245 partem
1177 1205 1266 1236 venit
1289 1205 1322 1236 in
1347 1216 1408 1246 qua
1427 1214 1434 1222 ⁸

127 1259 276 1300 regnavit
299 1258 440 1297 Turnus,
470 1270 567 1300 quam
591 1270 609 1289 a
634 1270 691 1289 suo
721 1258 849 1289 nomine
874 1258 1051 1298 appellavit
1075 1258 1222 1289 Italiam:
1251 1258 1333 1289 unde
1359 1261 1408 1289 est

126 1311 227 1343 fines
261 1323 375 1353 snper
408 1323 526 1353 usque
556 1311 716 1343 Sicanos
740 1309 810 1354 [non
840 1322 941 1352 usque
971 1311 1009 1342 ad
1039 1311 1198 1351 Siciliam3
1231 1322 1289 1342 nec
1323 1312 1408 1342 enini

127 1367 255 1405 poterat
283 1365 370 1406 fieri3
399 1365 454 1396 sed
483 1377 584 1406 usque
609 1365 649 1396 ad
674 1376 711 1396 ea
734 1365 820 1405 loca,
850 1376 931 1406 quae.
955 1367 1129 1396 tenuerunt
1154 1364 1274 1402 Sicani,
1302 1365 1335 1395 id
1359 1367 1409 1395 est

129 1417 229 1449 Siculi
254 1429 272 1449 a
297 1417 426 1459 Sicano,
449 1418 524 1449 Itali
555 1418 664 1449 fratre.
711 1418 768 1449 alic·
791 1418 922 1449 Italiam
950 1429 970 1448 a
994 1418 1089 1449 bubus
1113 1418 1221 1458 quibus
1244 1420 1288 1449 est
1310 1418 1407 1449 Italia

126 1471 250 1509 fertilis,
279 1472 353 1511 quia
382 1471 494 1503 Graeci
522 1472 606 1502 boves
635 1468 780 1511 ἰταλοὺς,
808 1481 863 1502 nos
891 1471 1002 1502 vitulos
1029 1472 1176 1508 dicimus;
1210 1471 1268 1502 alia?
1295 1481 1316 1501 a
1343 1481 1409 1511 resse

127 1524 281 1564 Liqurmn
304 1524 402 1562 Italo‚·
430 1525 487 1556 alii
515 1525 553 1556 ab
581 1525 698 1556 advena
720 1524 883 1561 Illolossi0;
912 1525 970 1555 alie?
992 1536 1011 1555 (1
1037 1524 1197 1565 Corcyreffl
1226 1525 1284 1555 alic·
1307 1535 1327 1554 (ι
1358 1524 1409 1555 Γο-

202 1615 214 1637 1
235 1612 380 1646 Horatius]
401 1620 484 1638 carm.
505 1612 515 1637 1
531 1615 573 1643 36,
584 1615 600 1638 4
614 1613 623 1645 l]
638 1614 666 1638 et
684 1612 754 1638 haec
771 1634 776 1638 .
793 1633 798 1637 .
815 1634 820 1639 .
837 1611 1018 1646 occidentali]
1040 1620 1124 1638 exscr.
1141 1612 1204 1638 Isid.
1221 1611 1288 1645 orig.
1306 1611 1368 1637 XIV
1385 1615 1408 1644 ⁴,

129 1649 162 1673 28
177 1648 186 1681 ΙΙ
201 1651 215 1674 6
235 1647 264 1673 111
284 1647 394 1681 octavo]
416 1651 465 1674 135
480 1648 489 1681 Η
505 1651 536 1674 22
557 1648 636 1681 fines]
658 1648 688 1673 A.
709 1648 746 1673 XI
766 1651 816 1674 317

204 1731 217 1752 1
237 1727 379 1761 hesperias
399 1736 465 1761 opes
485 1728 598 1761 11111ιῖ
614 1727 642 1753 id
662 1729 705 1753 est
723 1736 771 1753 om.
792 1728 862 1753 EM
875 1729 883 1761 Η
899 1729 940 1754 est
959 1736 1008 1754 om.
1031 1728 1053 1753 C
1070 1727 1144 1760 (add.
1165 1726 1209 1758 0³)
1224 1728 1233 1760 ΙΙ
1248 1730 1263 1753 4
1283 1726 1410 1761 Hyginus

130 1762 211 1789 docet
229 1763 287 1788 HI:
306 1763 431 1796 hygenus
451 1763 532 1789 docet
547 1764 571 1788 L
601 1763 682 1789 docet
699 1763 799 1796 yginus
815 1763 872 1789 BG
898 1764 979 1790 docet
998 1763 1109 1797 higinus
1126 1763 1162 1788 M
1175 1764 1183 1796 11
1198 1765 1213 1788 5
1233 1762 1321 1789 docet.
1349 1772 1408 1788 uer<

132 1807 177 1824 sus
196 1798 279 1824 Ennii
299 1798 353 1824 ‘est
371 1799 448 1824 Iocus
466 1798 631 1832 Hesperiam
651 1806 734 1831 quam
754 1799 886 1825 mortales
906 1798 1103 1833 perhibebant’
1120 1798 1149 1824 Ι)
1168 1800 1199 1824 in
1217 1799 1348 1831 vzaryioze.
1375 1798 1409 1830 cf.

134 1833 258 1859 DIacrob.
279 1833 336 1860 Sat.
357 1834 404 1866 VI,
421 1838 443 1865 1,
461 1838 490 1860 11
507 1835 515 1867 Η
531 1837 544 1859 Τ
566 1835 602 1860 acl
616 1843 639 1859 v.
657 1837 706 1859 531
728 1834 817 1860 Ubere
837 1834 947 1868 glebae]
968 1834 1036 1860 uber
1054 1834 1166 1867 proprie
1186 1835 1227 1859 est
1245 1833 1409 1859 fecunditas.

132 1869 159 1894 P
171 1869 180 1901 11
196 1872 210 1895 9
226 1868 342 1895 troianis
357 1868 379 1894 C
391 1869 400 1902 ΙΙ
416 1873 446 1894 11
467 1869 594 1895 laudauit
610 1869 633 1895 C
644 1870 652 1902 ΙΙ
669 1873 700 1895 13
717 1870 752 1895 ‹er
766 1878 788 1895 ‘cn
806 1873 856 1895 532
878 1869 993 1896 Oenotri
1013 1870 1123 1896 coluere
1142 1869 1208 1903 uiri]
1230 1869 1308 1895 deest
1327 1877 1410 1902 quam

132 1905 216 1937 (qua).
255 1903 388 1930 Oenotria
416 1905 509 1930 autem
533 1905 611 1930 dicta*
632 1907 675 1931 est
698 1905 743 1930 uel
768 1914 784 1931 a
808 1905 873 1931 111110
900 1905 1006 1939 optimo
1031 1905 1104 1938 quod
1128 1905 1156 1930 in
1181 1905 1263 1930 Italia
1288 1904 1411 1930 nascitur

132 1942 149 1971 †
165 1948 218 1972 que
242 1939 292 1965 alii
315 1941 422 1972 partem
449 1939 529 1966 italie
555 1940 710 1966 oenotriam
734 1941 849 1966 tradunt
873 1942 902 1967 et
926 1940 1038 1967 arcadia
1066 1940 1222 1974 profectum
1247 1940 1275 1965 in
1300 1939 1410 1966 Italiam

132 1975 239 2000 uenisse
264 1976 292 2000 et
315 1983 377 2000 eam
401 1975 453 2000 sibi
480 1975 673 2009 cognominem
698 1976 883 2009 (cognomine)
908 1976 1014 2002 fecisse.
1053 1975 1184 2009 Minores]
1211 1976 1330 2001 maiores
1351 1996 1356 2001 .
1378 1997 1383 2002 .
1405 1996 1409 2001 .

131 2010 261 2043 plurales.
274 2010 301 2035 P
313 2011 321 2043 ΙΙ
338 2013 370 2035 14
390 2010 467 2044 uino]
484 2020 563 2036 omos(
578 2011 790 2044 superscriptione
805 2013 834 2037 in
845 2012 871 2037 B
885 2013 894 2045 ΙΙ
909 2011 1015 2045 optimo
1033 2011 1062 2036 id
1078 2012 1119 2037 est
1135 2013 1201 2045 οἴνῳ
1217 2011 1245 2036 D
1259 2012 1268 2043 ΙΙ
1285 2014 1315 2036 15
1331 2011 1409 2045 quia]

131 2053 213 2078 quem
236 2047 299 2078 (que
321 2046 358 2079 P)
378 2047 446 2071 coni.
472 2045 506 2072 F.
528 2045 688 2078 Schoenitas,
713 2047 760 2079 qui
784 2048 892 2080 partem
916 2047 1015 2073 Italiae
1036 2046 1196 2073 Oenotriam
1220 2047 1322 2072 secludi
1345 2047 1411 2077 inan,

132 2083 270 2114 tamquam
299 2081 334 2107 ad
358 2081 468 2107 Italiam
493 2082 632 2114 adscripta
659 2082 774 2114 fortasse
804 2082 930 2116 quamvis
959 2082 1007 2108 alii
1037 2084 1145 2115 partem
1173 2083 1284 2108 tantum
1313 2082 1411 2108 Italiae

134 2116 296 2142 Oenotriam
315 2117 436 2142 tradunt.
471 2116 519 2142 alii
538 2116 635 2142 dicunt
654 2118 804 2143 Oenotrum
825 2126 857 2143 ex
876 2117 1004 2143 Arcadia.
1038 2118 1071 2150 cf.
1092 2118 1175 2144 Dion.
1196 2117 1262 2144 Hal.
1283 2118 1410 2151 antiquit.

133 2151 210 2178 Rom.
228 2152 239 2177 1
255 2155 286 2177 11
298 2161 355 2185 sqq.
384 2152 433 2178 alii
452 2151 516 2177 Itali
531 2152 646 2177 fratrem
662 2152 811 2178 Oenotrum
826 2153 941 2179 tradunt
955 2161 989 2178 ex
1003 2152 1123 2178 Arcadia
1136 2153 1165 2178 in
1180 2153 1290 2179 Italiam
1305 2154 1385 2186 rulgyo
1404 2153 1412 2187 ξι

133 2190 166 2213 20
186 2187 222 2213 ad
240 2196 264 2213 v.
280 2190 331 2213 533
352 2187 474 2221 Italiam]
495 2187 580 2213 Italus
601 2196 648 2213 rex
664 2187 775 2214 Siciliae
796 2209 801 2214 .
818 2209 822 2214 .
840 2209 845 2214 .
866 2197 883 2214 a
899 2188 998 2214 Sicano
1014 2188 1078 2214 Itali
1097 2188 1191 2214 fratre.
1209 2188 1236 2213 P
1248 2189 1257 2221 ΙΙ
1272 2192 1305 2214 21
1325 2197 1341 2214 a
1361 2197 1410 2214 om,

134 2222 238 2248 LHM
259 2223 268 2256 l]
291 2226 323 2248 22
347 2231 403 2249 non
422 2231 508 2256 usque
529 2244 533 2249 .
551 2245 555 2249 .
573 2244 578 2249 .
599 2222 662 2248 Itali
685 2223 770 2249 fratre
796 2223 862 2250 PC.-
886 2223 939 2249 hoc
963 2225 1005 2249 est
1027 2232 1114 2257 usque
1138 2224 1174 2249 ad
1198 2232 1231 2250 ea
1255 2224 1317 2250 loca
1341 2232 1412 2256 quae

133 2259 282 2284 tenuerunt
302 2258 395 2284 Sicani
413 2258 442 2284 id
462 2259 503 2284 est
523 2258 602 2284 siculi
622 2267 638 2284 a
657 2258 750 2285 sicano
769 2258 833 2284 itali
852 2258 945 2286 fratre.
969 2267 1033 2285 nam
1052 2267 1101 2285 nos
1121 2267 1209 2293 usque
1229 2260 1264 2285 ad
1284 2259 1410 2289 siciliani:

135 2301 186 2353 nge
205 2294 278 2354 enlim
295 2294 363 2355 110Υὸ
375 2295 486 2328 poterat
504 2294 608 2319 LHM
629 2294 638 2327 ΙΙ
661 2297 695 2319 ‘24
714 2294 802 2320 bobus
820 2302 853 2320 eoe
872 2294 960 2320 bubus
982 2294 1004 2320 C
1025 2295 1034 2328 11
1058 2298 1090 2320 25
1112 2293 1235 2329 ἰταλοὺς]
1261 2295 1344 2321 italos
1365 2294 1387 2320 O
1404 2294 1412 2327 y]

138 2347 150 2353 ..
187 2337 233 2354 mo
246 2337 320 2355 uss1o
785 2335 788 2342 ¹

1149 2375 1199 2400 11*

1421 412 1436 434 <5¹

1425 678 1457 700 10

1427 944 1459 967 15
