1690 2611
511 126 623 153 OOMM.
643 126 683 152 IN
702 124 808 168 VffaG.
829 125 912 151 AEN.
933 125 965 151 II.
988 128 1134 151 Ios—116.
1396 124 1458 155 237

273 207 343 239 115.
381 216 505 239 ADYTIS
530 208 661 249 adytum
685 209 735 238 est
758 207 848 238 locus
869 206 1172 252 templi-secretior,
1197 206 1237 237 ad
1261 216 1355 247 quem
1378 205 1460 236 nulli

182 262 231 292 est
264 261 370 292 aditus
403 261 466 292 11151
499 261 665 292 sacerdoti.
697 285 702 289 .
762 267 901 291 TRISTIA
934 267 1042 290 DICTA
1074 268 1255 290 REPORTAT
1288 259 1462 290 renuntiat.

181 325 269 346 more
294 325 352 346 suo
377 315 519 346 breviter
540 314 689 345 habitum
713 313 841 344 futurae
865 312 1022 343 orationis
1048 312 1197 352 ostendit.

273 368 343 400 116.
382 376 556 400 SANGVINE
580 375 764 398 PLACASTIS
785 374 919 397 VENTOS
943 374 986 396 ET
1006 373 1149 396 VIRGINE
1170 374 1278 396 CAESA
1298 374 1367 397 CVM
1392 375 1461 396 PRI-

181 430 259 453 MVM
282 421 335 452 hic
358 420 621 463 distinguendum
646 422 708 461 est,
741 419 816 461 quia
844 421 877 450 et
901 418 998 450 semel
1029 418 1068 449 ad
1093 417 1223 463 Troiam
1247 421 1379 450 ventum
1404 420 1462 460 est,

183 477 215 506 et
254 477 328 506 ante
363 486 458 516 quam
496 474 535 505 ad
573 485 644 505 eam
684 473 846 504 veniretur
884 473 921 503 de
954 472 1125 513 Iphigenia
1157 474 1206 502 est
1239 472 1461 503 sacrificatum.

182 528 271 559 cujus
292 528 403 559 fabula
417 528 493 559 talis
509 529 566 559 est.
595 538 667 558 cum
682 526 796 558 Graeci
817 525 857 557 ad
873 525 1023 556 Aulidem
1042 525 1222 565 venissent,
1237 524 1461 565 Agamemnon

182 581 305 613 Dianae
334 592 460 613 cervam
484 592 550 612 eum
578 583 702 612 senatur
726 580 842 611 oceidit
867 580 1010 620 ignarus.
1053 578 1136 609 unde
1166 578 1226 608 dea
1254 578 1339 609 irata
1366 578 1463 609 flatus

184 637 366 675 ventorum,
390 635 444 674 qui
462 635 505 665 ad
524 634 651 665 Troiam
670 633 829 673 ducebant,
853 632 1000 663 removit.
1044 642 1141 672 quam
1161 631 1202 662 ob
1222 642 1290 661 rem
1311 641 1382 661 cum
1406 642 1464 662 nec

181 688 336 729 navigare
360 689 506 728 possent,
530 689 563 718 et
586 686 806 727 pestilentiam
831 686 1041 725 sustinerent,
1066 685 1213 716 consulta
1234 695 1290 724 per
1314 683 1463 716 Calchan-

184 744 241 772 tem
261 741 390 772 oracula
410 740 572 781 dixerunt,
596 739 854 781 Agamemnonio
875 739 1046 780 sanguine,
1070 738 1123 769 hoc
1142 740 1185 769 est
1203 737 1364 768 immolata
1378 738 1463 777 Iphi-

180 795 273 834 genia
296 793 435 824 Dianam
460 804 528 825 esse
554 793 753 834 placandam.
801 803 878 833 ergo
908 803 979 823 cum
1009 792 1048 822 ab
1073 791 1170 822 Ulixe
1196 802 1252 832 per
1274 791 1462 831 nuptiarum

185 847 439 887 simulationem,
471 849 526 886 qm*
558 846 751 887 Iphigeniam
785 846 901 877 Aclm'lli
934 845 1118 885 v'zmqemlam
1150 845 1294 884 fiuyebat,
1328 844 1464 876 adducta

184 900 355 941 Iphigenia
378 900 410 930 in
435 911 471 931 eo
497 902 582 931 esset
606 901 642 930 ut
666 899 903 939 immolaretur,
932 898 1073 929 numinis
1103 897 1312 928 miseratione
1337 898 1463 929 sublata

185 955 233 984 est
265 964 421 994 cervaque
455 953 638 994 subposita,
672 955 704 984 et
737 953 898 983 translata
931 952 969 983 ad
1000 951 1169 982 Tauricam
1198 951 1363 991 regionem
1394 951 1463 992 regi

185 1007 323 1038 Thoanti
348 1006 467 1038 tradita
492 1008 541 1038 est
568 1006 780 1046 sacerdosque
804 1005 890 1036 facta
910 1005 1091 1045 Dictynnae
1111 1003 1249 1045 Dianae,
1272 1004 1318 1034 vel
1341 1006 1375 1035 ul
1397 1005 1463 1043 qui-

183 1061 256 1091 (lam
280 1060 385 1091 volunt
405 1059 531 1091 Orthiae
549 1059 691 1090 Dianae.⁴
717 1069 794 1099 quac
817 1069 889 1090 cum
914 1058 1088 1089 secundum
1113 1059 1270 1088 statutam
1295 1059 1463 1088 consuetu—

185 1113 292 1144 dinem
316 1113 456 1144 humano
483 1113 639 1153 sanguine
663 1123 781 1142 numen
810 1111 966 1152 placaret,
998 1111 1132 1151 agnovit
1159 1110 1295 1141 fratrem
1320 1109 1464 1150 Oresten,

185 1167 240 1207 qui
265 1169 395 1207 accepto
416 1166 545 1198 oraculo
566 1165 694 1196 carendi
714 1165 833 1196 furoris
854 1175 949 1195 causa
969 1175 1040 1195 cum
1062 1163 1165 1195 amico
1181 1163 1316 1204 Pylade,
1340 1174 1360 1194 α
1378 1164 1464 1209 etge'us

178 1222 284 1260 patre,
313 1219 424 1259 Strofio
448 1219 581 1256 nominc,
609 1218 714 1257 fuerat
735 1219 882 1257 nutritus,
907 1217 1045 1249 Colchos
1069 1217 1222 1258 petierat,
1252 1219 1283 1247 et
1312 1228 1383 1248 cum
1412 1217 1462 1248 his

185 1273 288 1304 occiso
318 1273 477 1313 Thoante,
512 1272 719 1303 simulacrum
749 1271 882 1302 sustulit
912 1270 1135 1301 absconditum
1168 1270 1254 1301 fasce
1285 1270 1462 1311 lignorum:

184 1327 267 1358 unde
295 1328 327 1357 et
354 1325 507 1357 Facelitis
537 1326 667 1366 dicitur,
699 1336 764 1356 non
797 1326 924 1355 tantum
955 1335 973 1354 a
1002 1323 1085 1363 face,
1119 1334 1189 1354 cum
1220 1334 1282 1364 qua
1310 1323 1464 1364 pingitur,

184 1381 315 1421 propter
336 1379 419 1420 quod
441 1381 472 1410 et
489 1379 636 1410 Lucifera
655 1378 783 1409 dicitur:
809 1379 840 1408 et
856 1376 999 1407 Ariciam
1018 1371 1144 1407 detulit.
1182 1376 1237 1407 sed
1257 1387 1329 1407 cum
1350 1379 1464 1418 postea

184 1432 339 1463 Romanis
364 1443 528 1463 sacrorum
553 1431 727 1462 crudelitas
754 1430 952 1471 displiceret,
982 1441 1177 1471 quamquam
1207 1430 1289 1460 servi
1319 1430 1463 1460 immola-

257 1522 271 1545 7
292 1519 368 1545 cuius
388 1519 483 1545 fabula
502 1519 568 1545 talis
587 1520 628 1545 est
648 1527 669 1544 e.
691 1527 715 1551 q.
737 1518 771 1552 5,]
792 1518 825 1543 cf.
846 1517 983 1551 mythogr.
1004 1517 1015 1542 Ι
1035 1520 1068 1543 20
1088 1517 1113 1543 II
1132 1520 1191 1543 202.

258 1603 270 1625 1
297 1600 334 1625 ad
356 1608 379 1625 z.
402 1602 450 1625 115
479 1598 624 1625 Mittimus.
668 1597 766 1631 Adytis
795 1597 911 1631 (aditis)]
940 1597 1052 1630 adytum
1081 1597 1235 1631 (adytus).
1283 1617 1287 1622 .
1317 1597 1463 1623 sacerdoti.

186 1630 355 1669 Reportant]
376 1634 544 1661 renuntiant.
566 1634 591 1659 P
611 1635 620 1667 Η
643 1644 731 1659 Α1111115
752 1633 858 1659 aditum
879 1634 943 1659 libri
964 1633 1013 1658 mei
1033 1634 1042 1666 ll
1066 1633 1157 1658 nullus
1178 1633 1210 1658 H
1228 1634 1237 1666 ss
1261 1636 1275 1658 2
1296 1641 1420 1658 accessus
1440 1632 1463 1657 L

186 1672 226 1704 (at
245 1671 338 1696 aditus
356 1678 488 1704 superscr
506 1671 525 1703 l)
540 1671 548 1703 Ι]
563 1669 708 1696 sacerdoti
736 1666 792 1694 ἀπὸ
814 1669 863 1694 τοῦ
883 1672 900 1693 ᾶ
922 1669 969 1694 καὶ
990 1666 1024 1693 δύ
1019 1678 1048 1693 ω
1068 1668 1221 1701 ingredior,
1242 1668 1271 1693 id
1285 1669 1326 1693 est
1341 1668 1398 1693 sine
1414 1668 1463 1693 ali-

187 1706 264 1732 euius
284 1706 418 1740 ingressu
439 1706 466 1731 I)
489 1707 499 1739 ΙΙ
521 1705 662 1731 renuntiat
681 1713 730 1730 om.
751 1704 858 1729 HJIE
880 1705 889 1737 ΙΙ
916 1707 932 1729 4
952 1704 988 1729 acl
1009 1712 1030 1730 1
1052 1689 1114 1729 1160
1122 1703 1274 1737 Sanguine]
1298 1703 1395 1729 fabula
1413 1704 1463 1728 est.

187 1751 249 1767 cuin
264 1742 363 1768 Graeci
383 1742 417 1767 ad
433 1741 562 1767 Aulidem
577 1741 730 1772 uenissent,
751 1741 943 1773 Agamemnon
959 1738 1065 1764 Dianae
1085 1739 1211 1778 (deame)
1232 1747 1341 1765 ceiuam
1362 1738 1465 1764 occidit

186 1777 299 1810 ignarus
318 1777 346 1802 in
365 1777 523 1803 uenatione.
556 1776 628 1802 unde
648 1776 700 1801 dea
719 1775 791 1800 irata
810 1774 891 1800 flatus
911 1775 1057 1800 uentorum
1077 1774 1124 1807 qui
1143 1774 1177 1800 ad
1194 1774 1306 1800 Troiam
1325 1774 1465 1800 ducebant

187 1812 339 1846 suspendit.
378 1812 413 1838 ob
434 1820 517 1845 quam
536 1820 594 1837 rem
614 1811 739 1837 consulta
758 1819 807 1844 per
827 1810 1009 1836 Calchantem
1029 1809 1140 1835 macula
1167 1809 1294 1835 dixeiunt
1313 1809 1371 1843 (di)
1391 1809 1463 1843 Aga-

187 1847 345 1873 memnonio
365 1847 511 1881 sanguine,
537 1847 591 1873 hoc
616 1848 658 1872 est
681 1846 826 1872 immolata
845 1845 991 1879 Iphigenia
1011 1845 1132 1885 (figema)
1157 1845 1325 1878 placandam
1344 1844 1464 1870 Dianam

186 1883 333 1915 (deanam).
362 1891 424 1908 cum
443 1891 509 1916 ergo
529 1883 602 1908 esset
617 1882 738 1907 adducta
752 1882 783 1906 ut
798 1881 1001 1912 immolaretur,
1022 1880 1141 1906 numinis
1156 1880 1334 1906 miseratione
1354 1880 1465 1906 sublati

187 1920 242 1951 est,
263 1926 344 1944 cerua
360 1917 515 1951 supposita,
536 1919 564 1943 ct
582 1917 719 1943 translata
734 1917 769 1943 ad
784 1916 931 1942 Tam-icam
951 1915 1091 1950 regionem
1111 1915 1171 1949 regi
1187 1916 1309 1942 Thoanti
1328 1916 1464 1948 (thoante)

186 1939 290 1980 tradita
309 1954 351 1979 est
370 1953 496 1979 sacerdos
520 1952 596 1979 facta
615 1952 729 1978 Orthiae
750 1952 860 1985 (ortiae)
881 1951 996 1977 Dianae.
1019 1951 1046 1976 P
1067 1952 1076 1985 ΙΙ
1101 1955 1114 1977 7
1136 1951 1211 1977 cuius
1234 1951 1344 1986 fabula]
1369 1951 1465 1977 fabula

187 1997 252 2015 uero
274 1988 345 2014 ME
357 1990 366 2022 ΙΙ
381 1992 396 2015 8
416 1996 527 2014 ceruam
547 1987 603 2014 OE
620 1990 644 2013 et
663 1988 866 2022 mytlzoyraplzi:
886 1995 998 2013 ceruum
1017 1987 1121 2012 LHM
1134 1988 1142 2019 ΙΙ
1164 1990 1179 2013 9
1200 1987 1330 2021 removit]
1352 1995 1463 2020 suspen-

187 2025 227 2050 dit
248 2024 286 2050 C*
299 2025 308 2057 ΙΙ
329 2024 365 2050 ob
384 2032 467 2057 quam
487 2032 545 2049 reni
565 2023 602 2049 Ο*
620 2024 629 2056 ΙΙ
651 2026 683 2049 10
702 2031 753 2049 1100
772 2022 962 2056 pestilentiam
983 2021 1006 2048 C
1021 2023 1030 2056 ΙΙ
1053 2025 1084 2048 12
1104 2031 1154 2056 per
1171 2023 1332 2056 nuptiarum
1351 2022 1462 2048 simula-

186 2060 300 2093 tionem]
321 2060 401 2092 quasi
420 2059 556 2084 tradenda
575 2058 610 2084 sit
628 2059 745 2092 nuptum
764 2066 896 2091 ευμεν-εον.
917 2058 926 2084 l
944 2059 953 2091 ΙΙ
974 2061 1005 2083 15
1026 2066 1108 2083 cerua
1127 2057 1160 2083 Η
1175 2059 1184 2091 ΙΙ
1209 2061 1240 2084 16
1261 2058 1409 2091 dictynnae
1430 2058 1464 2083 U:

187 2095 327 2121 dictinnae
347 2095 370 2120 L
400 2094 521 2120 dietinne
537 2094 602 2119 HE
629 2093 787 2127 dictymnae
804 2093 840 2118 M
852 2095 861 2125 ΙΙ
878 2097 907 2119 17
928 2093 1015 2119 ortiae
1037 2092 1074 2118 C*
1088 2095 1096 2126 ΙΙ
1113 2096 1144 2119 18
1165 2095 1284 2119 orestem
1304 2094 1327 2118 L
1342 2094 1351 2126 ss
1368 2096 1398 2119 19
1420 2101 1463 2118 ca-

186 2130 276 2164 rendi]
298 2130 412 2156 curandi
429 2130 590 2155 Masnicins.
625 2128 741 2155 cavendi
761 2129 826 2154 libri
842 2129 1015 2160 Burmanni,
1035 2137 1197 2162 quamquam
1216 2129 1264 2155 hoc
1284 2129 1464 2154 testimonium

186 2167 337 2199 typothetae
352 2174 440 2191 errore
459 2165 566 2190 ridetur
585 2167 742 2197 corruptum
761 2172 828 2195 essex
849 2164 1003 2197 Stephanus
1023 2166 1089 2189 certe
1103 2164 1206 2190 Daniel
1221 2164 1379 2196 Fabricius,
1399 2172 1464 2197 quos

186 2203 257 2227 illem
272 2202 386 2227 edidisse
400 2201 581 2226 Bumnmmus
595 2202 721 2232 testatur,
743 2199 854 2225 carendi
873 2199 1015 2225 [leder-ants
1025 2200 1034 2232 ΙΙ
1049 2199 1144 2234 causa]
1165 2201 1281 2225 matrem
1298 2200 1371 2225 enim
1386 2208 1463 2225 suam

188 2237 291 2263 (licitur
311 2236 443 2263 occidisse
464 2244 552 2269 eoque
578 2235 687 2261 furebat
706 2235 768 2261 add.
789 2235 827 2267 L,
854 2235 988 2267 empunoeit
1008 2235 1017 2260 l
1038 2235 1047 2268 ΙΙ
1071 2237 1104 2260 20
1123 2235 1204 2261 trofio
1226 2235 1248 2261 C'
1268 2236 1277 2269 ΙΙ
1301 2238 1333 2260 22
1353 2234 1463 2260 fascelis

186 2272 255 2298 LO*
288 2272 379 2298 facilis
404 2272 436 2297 Η
466 2270 588 2297 fasciolis
609 2271 646 2296 M
676 2269 816 2296 fascelidis
841 2270 922 2296 Elm.
956 2270 990 2302 cf.
1016 2269 1103 2296 Probi
1124 2271 1214 2304 praef.
1240 2272 1276 2296 ad
1302 2270 1377 2303 Vcry.
1405 2270 1462 2295 bue.

182 2316 212 2341 p.
233 2311 248 2334 3
264 2307 300 2334 K.
324 2308 333 2341 ΙΙ
357 2310 390 2334 23
410 2308 523 2341 propter
544 2327 549 2331 .
571 2327 575 2332 .
596 2327 602 2333 .
623 2305 726 2331 dicitur
743 2314 792 2332 om.
815 2305 851 2331 M
867 2306 876 2339 ΙΙ
898 2305 1010 2340 dicitur]
1030 2305 1079 2331 sed
1098 2314 1115 2332 a
1132 2305 1206 2332 fasce
1226 2306 1311 2332 etiam
1331 2305 1427 2337 (etiam
1447 2313 1464 2330 a

187 2342 261 2369 fasce
275 2343 314 2376 E)
333 2343 473 2376 lignorum
493 2343 555 2368 (ald,
576 2341 636 2367 LE
648 2342 657 2375 11
672 2341 782 2367 aritiam
802 2341 826 2366 L

1485 691 1515 712 10

1486 956 1516 979 15
