1690 2611
489 121 601 148 COMM.
623 122 660 148 IN
680 120 786 147 VERG.
806 121 888 146 AEN.
909 122 929 147 Ι.
950 124 1098 147 666-681.
1371 119 1433 149 193

156 204 287 233 statutae
309 213 357 234 res
379 206 464 243 suut,
496 203 529 234 in
553 204 677 234 cardine
705 213 764 234 esse
793 203 950 239 (limantur,
981 205 1009 232 et
1040 202 1273 233 translationem
1303 201 1386 232 verbi
1415 211 1435 230 α

156 255 255 286 ianua
279 258 408 287 tractam
431 256 548 296 volemt,
573 266 650 296 quae
673 258 755 287 motu
774 256 911 286 cardinis
935 254 991 285 hac
1009 257 1099 294 atque
1118 254 1190 285 villac
1210 254 1315 294 inpelli
1329 256 1436 294 potest.

246 309 318 340 673.
357 317 531 347 QVOOIRCA
554 310 756 350 quapropter.
846 316 1005 339 MEDITOR
1030 310 1139 338 mente
1164 309 1333 348 pertracto.

246 363 319 394 674.
357 372 401 393 NE
423 372 492 400 Qvo
514 372 552 394 SE
576 371 711 393 NVMINE
736 371 856 393 MVTET
877 361 974 403 ‘quo’
995 361 1045 392 vel
1066 363 1168 401 vacat,
1188 361 1237 392 vel
1259 372 1436 401 pronomen

158 418 215 447 est.
269 418 302 447 et
335 417 415 447 bene
449 416 623 457 supprimit
656 427 772 448 nomen
806 415 952 456 Iunonis,
984 425 1024 445 ne
1057 415 1124 445 eius
1158 414 1319 455 frequenti
1355 426 1436 445 com-

158 470 392 501 memoratione
417 469 606 510 Cupidinem
630 471 764 509 terreat3
794 469 899 510 magis
930 469 1013 500 enim
1038 468 1109 499 vult
1138 479 1210 498 eum
1240 467 1437 508 intellegere,

158 533 252 563 quam
278 523 389 554 audire
413 522 580 554 Iunonem.
627 525 683 554 aut
707 524 792 554 certe
817 522 1005 553 adverbium
1038 524 1099 562 est,
1124 523 1160 552 ut
1188 521 1244 562 sit,
1273 521 1372 551 timeo
1398 532 1437 551 ne

158 587 191 606 se
215 576 345 607 numine
370 576 453 607 Dido
478 576 621 617 aliquam
645 578 823 608 commutet
846 576 879 607 in
904 577 1040 616 partem.

246 629 319 660 675.
357 638 476 661 MECVM
507 629 539 660 id
568 632 616 661 est
649 641 720 660 eum
752 629 857 661 officio
881 629 1035 669 Venerio,
1066 639 1123 660 nec
1152 630 1261 669 potest
1289 628 1437 668 intellegi

158 681 442 722 ‘quemadmodum
472 682 562 723 ego’3
593 682 689 714 aliter
716 683 797 713 enim
827 694 845 713 a
873 684 977 713 matre
1006 682 1133 713 Aeneas
1168 683 1310 722 amatur,
1344 681 1438 712 aliter

157 746 176 765 a
199 734 334 766 Didone.
426 749 528 767 maz-rm
544 746 602 775 per
626 746 705 767 meos
728 746 860 774 amores,
885 737 918 767 id
939 739 982 767 est
1004 747 1051 767 me
1074 736 1234 767 adnitente.

246 789 318 819 676.
357 798 426 826 QVA
453 789 484 820 id
516 791 566 820 est
596 789 766 830 quomodo
858 798 980 821 ACCIPE
1012 790 1099 830 audi,
1130 792 1165 820 w‘
1193 789 1315 828 accipe
1343 799 1438 819 mmo

157 841 330 873 Danaum
354 835 540 881 ⁴insidias,
574 845 609 873 ut
643 845 754 873 contra
788 842 859 873 ‘da'
895 843 958 883 dic3
994 845 1029 874 ut
1066 843 1123 884 da,
1155 854 1228 873 non
1262 842 1439 874 indebita

158 906 273 936 posco
303 898 335 926 et
358 896 402 926 da
427 895 561 937 Tityre
585 896 708 927 nobis.
799 905 945 927 MENTEM
973 896 1234 936 dispositionem,
1259 896 1438 927 consilium.

246 950 319 981 677.
358 958 482 980 ACCITV
509 949 704 980 evocatione.
752 952 784 980 et
809 951 858 980 est
882 951 1014 990 quartae
1040 949 1274 980 declinationis.

247 1004 319 1034 678.
359 1012 475 1034 vunan
505 1012 673 1034 smonmn
704 1014 800 1044 quam
834 1005 944 1034 tenent
974 1003 1105 1034 Sidonii.
1202 1012 1273 1033 MEA
1303 1012 1439 1034 ΜΑΧΙΜΑ

158 1064 246 1086 CVRA
273 1058 305 1087 et
326 1057 451 1088 Aeneas
476 1068 553 1087 cura
573 1059 635 1097 est,
660 1056 714 1087 sed
735 1057 892 1087 Ascanius
914 1057 1070 1097 maxima,
1095 1057 1153 1087 cui
1179 1067 1337 1097 regnum
1362 1056 1437 1087 Ita-

158 1109 234 1140 liae
258 1109 504 1151 Romanaque
530 1110 650 1140 tellus
678 1109 878 1140 debentur:
908 1112 940 1140 et
969 1110 1086 1151 ubique
1112 1110 1269 1141 Ascanius
1299 1111 1440 1141 maxima

159 1173 234 1194 cura
267 1163 404 1194 Veneris
437 1163 668 1202 introducitur,
702 1166 737 1193 ut
771 1163 932 1194 Veneris
971 1163 1190 1194 iustissima
1224 1174 1326 1204 cura,
1361 1164 1439 1194 item

158 1215 257 1246 huno
281 1218 413 1257 tegere
438 1219 475 1247 et
499 1216 606 1247 dirae
630 1216 777 1247 valeam
802 1217 1015 1247 subducere
1039 1227 1198 1257 pugnae.

246 1270 319 1301 679.
358 1283 432 1302 nom
458 1284 616 1302 ansa-mma
641 1281 717 1310 qnae
740 1271 928 1308 restiterunt,
952 1281 1029 1310 qnae
1049 1270 1274 1310 superfiterzmz‘.
1320 1273 1348 1301 et
1370 1273 1440 1301 αηΐε

154 1323 280 1363 pelayzcs
298 1323 415 1362 posuit,
435 1315 507 1354 “eum
526 1326 597 1363 post
622 1323 734 1354 Troiae
757 1324 936 1354 erersionmn
962 1324 1153 1363 navigyaverit
1175 1324 1304 1355 Aeneas.

246 1376 319 1407 680.
357 1385 507 1407 SOPITVM
532 1385 649 1408 SOMNO
675 1387 773 1407 unum
803 1376 930 1417 quidem
962 1379 1010 1407 est
1035 1387 1132 1417 sopor
1156 1378 1187 1407 et
1212 1388 1356 1416 somnus,
1386 1376 1440 1407 sed

158 1428 252 1460 modo
274 1429 440 1469 ‘sopitum’
461 1430 637 1471 inrigatum
659 1429 886 1470 intellegimus.
957 1442 1087 1461 mmmm
1117 1431 1195 1461 sicut
1213 1440 1308 1470 snpra
1327 1430 1441 1461 dictum

158 1484 201 1513 est
220 1492 326 1522 yenere
349 1485 455 1513 neutro
473 1483 655 1523 pluraliter,
678 1485 713 1513 ut
735 1483 811 1513 alibi
834 1485 921 1513 sunt
943 1483 1022 1513 alta
1045 1482 1211 1522 Cythera.

248 1535 320 1566 681.
358 1544 509 1566 IDALIVM
544 1534 645 1576 Cypri
678 1546 790 1566 nemus
827 1537 889 1572 est,
920 1535 953 1565 iu
983 1547 1044 1576 quo
1075 1536 1229 1576 oppidum
1263 1536 1372 1574 breve,
1407 1538 1443 1566 ut

159 1588 256 1629 paulo
281 1590 355 1628 post
377 1588 525 1619 Idaliae
550 1588 670 1625 lucos,
696 1589 774 1619 item
798 1588 1042 1629 Idaliumque
1067 1600 1206 1620 nemus
1285 1598 1441 1621 SACRATA

160 1650 246 1672 SEDE
271 1641 321 1672 vel
346 1642 459 1682 templi
486 1642 537 1672 vel
563 1642 681 1682 oppidi.

232 1750 263 1772 12
288 1756 379 1772 ,ιε-(Ἴως
480 1747 536 1781 dic]
562 1747 595 1773 cf.
621 1748 690 1773 Don.
716 1748 750 1773 ad
776 1748 836 1773 Ter.
862 1756 922 1773 eun.
949 1748 985 1773 III
1009 1751 1036 1779 1,
1059 1751 1087 1773 11
1114 1749 1123 1781 Η
1146 1748 1254 1782 accipe]
1280 1749 1310 1773 A.
1333 1749 1355 1774 ΙΙ
1382 1753 1414 1775 65
1433 1750 1441 1782 l]

161 1785 192 1808 13
214 1782 250 1808 da
269 1782 336 1816 non]
357 1782 388 1807 A.
409 1782 455 1808 VI,
476 1786 508 1809 66
532 1784 541 1815 ΙΙ
566 1786 597 1808 14
624 1783 672 1817 da]
698 1783 758 1808 buc.
779 1783 790 1807 l
813 1786 843 1808 18
868 1784 876 1815 ΙΙ
901 1787 931 1808 17
957 1783 1013 1817 cui]
1035 1784 1065 1809 A.
1091 1784 1129 1808 IV
1153 1787 1203 1809 275
1228 1785 1236 1816 ΙΙ
1261 1787 1292 1809 19
1314 1784 1441 1819 Veneris]

160 1818 191 1843 A.
212 1818 236 1843 X
257 1820 306 1843 132
330 1818 338 1850 ΙΙ
362 1821 395 1842 20
421 1818 506 1851 hunc]
528 1820 558 1843 A.
584 1819 607 1843 X
627 1822 660 1844 50
683 1819 692 1851 ΙΙ
716 1822 748 1843 25
774 1818 848 1852 sunt]
875 1820 906 1844 A.
932 1819 955 1844 X
981 1822 1013 1844 86
1037 1820 1046 1852 ΙΙ
1069 1822 1101 1844 27
1128 1819 1245 1853 Idaliae]
1270 1820 1301 1845 A.
1326 1820 1337 1845 Ι
1364 1823 1414 1846 693
1434 1822 1442 1850 (l

159 1853 346 1887 Idaliumque]
363 1853 395 1878 A.
416 1853 439 1878 X
461 1856 493 1878 52
516 1853 693 1887 ‘Idaliaeque
713 1854 827 1879 domus'

232 1954 246 1976 3
272 1951 308 1976 (ul
331 1959 354 1976 v.
377 1953 427 1976 673
454 1950 599 1984 Quocirca]
626 1952 795 1984 quapropter
891 1952 1039 1984 pertracto.
1070 1951 1095 1976 P
1117 1953 1125 1985 [Ι
1149 1955 1163 1977 4
1189 1952 1225 1977 ad
1248 1961 1271 1978 r.
1293 1956 1343 1978 674
1369 1953 1441 1987 Quo]

162 1986 207 2012 uel
227 1987 310 2012 uacat
329 1985 374 2011 uel
394 1993 547 2018 pronomen
566 1986 615 2012 est.
647 1988 695 2012 aut
710 1987 783 2012 certe
804 1986 978 2018 aduerbium,
999 1988 1030 2012 ut
1046 1987 1081 2012 sit
1103 2008 1107 2012 .
1125 2009 1129 2013 .
1147 2009 1151 2013 .
1172 1989 1288 2020 partem.
1310 1988 1355 2021 Pu
1371 1992 1385 2014 9
1406 1989 1442 2014 cul

160 2030 184 2047 v.
201 2024 251 2047 675
270 2020 393 2054 Mecum]
414 2020 442 2046 id
463 2022 504 2046 est
524 2029 585 2046 cum
606 2021 698 2047 officio
713 2021 841 2055 Venerio,
862 2022 906 2047 ιιι-1
928 2022 1070 2047 ‘mecum'
1092 2031 1141 2055 per
1159 2032 1236 2049 meos
1256 2032 1377 2055 amores,
1398 2032 1441 2049 me

162 2056 312 2082 adnitente.
334 2056 361 2081 P
376 2057 384 2089 ΙΙ
409 2059 437 2081 11
464 2064 480 2081 a
500 2056 600 2082 didone
624 2065 731 2082 mecum
757 2065 822 2090 ergo
847 2066 896 2090 per
919 2066 995 2083 meos
1020 2066 1127 2084 amares
1148 2061 1266 2090 (amores
1288 2059 1331 2091 (72)
1351 2059 1379 2084 id
1400 2061 1442 2085 est

163 2100 206 2117 me
227 2091 369 2118 adnitente
391 2091 413 2117 0
434 2092 442 2124 ΙΙ
468 2095 498 2117 12
520 2092 556 2117 ml
574 2100 597 2117 ν.
619 2095 669 2118 676
690 2092 762 2126 Qua]
788 2092 815 2117 id
840 2093 883 2118 est
902 2093 1040 2125 quomodo
1060 2114 1065 2118 .
1087 2114 1092 2118 .
1115 2114 1118 2118 .
1140 2093 1183 2119 dic
1204 2094 1235 2119 ut
1256 2094 1308 2120 ‘da
1327 2103 1382 2120 nou
1401 2095 1441 2120 in-

162 2127 256 2153 debita
279 2127 385 2160 posco'.
416 2127 550 2161 Mentem]
572 2127 781 2160 dispositionem
801 2127 955 2153 consilium.
980 2128 1026 2161 Pu
1041 2137 1093 2156 QVA
1114 2138 1213 2154 mcx-:ue
1234 2129 1277 2161 011
1295 2133 1324 2155 13
1345 2130 1381 2155 da
1396 2129 1441 2155 dic

163 2162 196 2188 0.-
216 2162 260 2188 die
275 2163 310 2188 da
325 2162 388 2187 LH
400 2162 444 2188 dic
458 2162 487 2187 id
502 2163 545 2188 est
559 2162 594 2188 da
611 2163 660 2188 Ml
678 2163 687 2195 11
701 2164 732 2188 ut
747 2171 796 2188 om.
814 2163 916 2188 LHM
929 2164 938 2195 ΙΙ
953 2163 988 2188 da
1002 2164 1070 2197 non]
1087 2164 1131 2189 die
1146 2173 1201 2190 non
1218 2165 1267 2190 Ml
1281 2165 1290 2198 ΙΙ
1308 2169 1338 2190 14
1357 2174 1440 2198 posco

162 2206 248 2231 regna
266 2197 335 2223 meis
354 2198 448 2224 facitis
469 2198 491 2224 C
513 2200 521 2231 Η
545 2199 573 2223 et
592 2197 627 2223 da
647 2198 741 2230 Tityre
766 2197 844 2224 uobis
868 2206 916 2223 om.
939 2198 961 2223 G
982 2199 991 2231 11
1016 2201 1047 2223 15
1073 2199 1108 2224 (ιιΖ
1127 2208 1150 2226 v.
1173 2203 1222 2226 677
1244 2200 1354 2234 Aecitu]
1376 2209 1439 2226 eno>

163 2233 272 2259 catione
298 2254 302 2259 .
324 2254 329 2259 .
351 2254 356 2258 .
382 2233 585 2259 declinationis.
613 2232 640 2257 P
661 2233 670 2266 ΙΙ
695 2236 726 2258 16
751 2233 787 2259 acl
810 2241 833 2258 v.
855 2236 905 2259 678
931 2233 1032 2259 Urbem
1058 2234 1212 2269 Sidoniam]
1238 2244 1319 2268 quam
1344 2237 1440 2261 tenent

163 2267 277 2294 Sidonii.
305 2268 333 2294 P
353 2269 362 2302 ss
387 2271 417 2294 21
444 2270 480 2295 acl
504 2277 527 2294 r.
549 2271 598 2294 679
623 2268 703 2294 Dona
726 2268 871 2302 restantia]
895 2277 966 2301 quae
994 2269 1156 2296 restiterunt
1183 2271 1439 2303 superfueruntquc.

164 2303 190 2328 P
209 2304 218 2337 l]
240 2306 273 2329 23
294 2305 330 2330 acl
348 2312 371 2330 v.
389 2306 439 2330 680
460 2304 587 2337 Sopitum
608 2304 716 2337 somno]
738 2313 821 2340 unum
843 2325 848 2329 .
865 2325 869 2329 .
889 2325 892 2329 .
914 2305 1010 2330 neutro
1031 2305 1183 2338 pluraliter.
1206 2306 1232 2331 P
1247 2307 1256 2339 11
1275 2309 1309 2332 24
1329 2306 1438 2338 inroga-

163 2340 233 2364 tum.
255 2339 282 2364 P
301 2340 310 2372 ΙΙ
334 2342 366 2365 26
387 2340 423 2365 ad
441 2348 464 2365 v.
487 2342 535 2366 681
556 2339 686 2373 Idalium]
708 2339 791 2373 Cypri
810 2348 906 2365 nemus
926 2340 969 2365 est
988 2360 992 2365 .
1011 2360 1015 2365 .
1033 2361 1037 2366 .
1057 2349 1161 2367 nemus.
1183 2341 1209 2366 P
1228 2342 1237 2374 ΙΙ
1260 2341 1302 2375 ut]
1323 2343 1352 2367 et
1371 2341 1393 2367 G

219 2388 291 2407 Servii
307 2394 384 2407 comm.
402 2389 450 2408 Vol.
466 2389 484 2407 1.
501 2389 558 2407 Fasc
582 2389 599 2408 Ι.
1194 2388 1225 2410 13

1459 685 1490 708 10

1459 1220 1492 1242 20

1459 1486 1492 1508 25
