1690 2611
162 681 194 704 10

214 113 279 144 306
791 111 911 139 SERVII

214 197 310 226 tuus.
356 193 512 226 Horatius
536 205 753 236 puerosque
777 194 909 226 Ledae.
947 195 980 225 et
1004 195 1054 224 est
1078 192 1249 234 Graecum,
1273 204 1348 224 nam
1371 194 1492 231 παῖδας

214 248 333 279 dieunt.
379 247 540 278 interdum
564 250 673 280 tamen
699 248 796 279 etiam
821 248 860 279 ad
886 249 1027 278 aetatem
1050 246 1197 278 refertur.

303 301 376 332 599.
414 314 522 333 emen!
541 314 658 333 mnam
677 302 767 340 antro,
796 302 885 342 quasi
908 302 1099 341 quaerentes:
1128 303 1285 340 tamquam
1302 311 1399 341 prope
1420 301 1492 342 sint,

213 357 241 385 et
262 354 362 386 adhuc
384 365 441 386 sua
465 365 555 395 opera
578 355 666 393 †szca
689 365 750 386 ozon
774 357 921 386 avertant.

303 408 375 439 600.
413 416 588 440 HAvsnRrr
609 417 706 440 nnsis
731 410 787 440 aut
810 407 1019 449 percusserit,
1042 409 1079 439 ut
1099 407 1150 448 <X
1164 407 1251 451 314>
1276 407 1378 440 latus
1402 407 1493 440 hau-

213 461 266 492 rit
291 463 478 503 apertum3
503 464 559 493 aut
582 462 753 493 voraverit.

303 515 376 546 601.
413 524 628 547 TYNDARIDIS
653 516 744 556 atqui
767 515 854 546 Iovis
884 517 946 556 est,
974 525 1039 546 non
1063 513 1223 555 Tyndarei
1251 514 1335 555 filia3
1367 514 1422 545 sed
1447 514 1493 545 sio

214 568 348 599 dicimus
382 567 610 610 ‘Tyndaridis’
645 568 682 599 de
712 568 850 609 Helena,
883 570 919 599 ut
952 568 989 598 de.
1013 567 1152 599 Hercule
1177 567 1493 609 Amphitryoniades.

213 632 288 652 nam
312 622 350 653 de
374 622 450 653 Iove
476 624 507 653 et
530 621 617 653 Leda
641 621 709 652 nati
739 623 814 652 sunt
837 621 953 652 Pollux
982 623 1015 652 et
1038 620 1176 662 Helena,
1206 620 1243 652 de
1268 620 1436 662 Tyndareo
1461 622 1493 652 et

213 674 301 706 Leda
325 674 452 716 Castor,
482 675 536 716 qui
561 675 649 706 solus
676 675 824 706 mortalis
854 675 929 705 fuit:
958 674 1040 705 unde
1064 673 1230 715 Vergilius
1255 673 1325 715 <VI
1352 674 1435 714 121>
1461 674 1493 705 si

213 728 373 760 fratrem
406 729 547 760 Pollux
580 729 733 760 alterna
764 730 885 759 morte
919 728 1098 769 redemit,
1135 728 1190 769 qui
1223 727 1493 759 inmortalitatem
1520 748 1523 750 -

214 794 305 813 suam
330 793 402 813 eum
425 782 526 813 fratre
550 782 690 823 partitus
715 783 771 812 est.
812 781 971 812 Helenam
995 792 1071 812 vero
1096 781 1301 813 inmortalem
1324 780 1423 812 fuisse
1447 781 1494 812 in-

213 835 299 866 dicat
331 838 467 876 tempus.
518 846 594 866 nam
627 836 755 866 constat
788 834 905 865 fratres
939 835 1006 865 eius
1040 845 1113 866 oum
1146 834 1347 875 Argonautis
1380 834 1492 865 fuisse:

213 889 477 930 Argonautarum
501 888 563 934 filii
587 899 658 919 cum
682 888 843 918 Thebanis
868 888 941 919 bello
965 888 1208 919 dimicaverunt.
1255 888 1334 919 item
1361 887 1493 918 illorum

212 942 273 972 filii
298 944 410 973 contra
434 941 567 972 Troiam
590 941 678 972 bella
702 943 880 981 gesserunt.
923 951 999 982 ergo
1024 941 1051 972 si
1074 941 1257 972 inmortalis
1281 940 1408 972 Helena
1430 951 1495 972 non

212 995 340 1036 fuisset,
373 996 423 1026 tot
455 995 523 1026 sine
555 994 652 1025 dubio
686 994 824 1025 saeculis
857 994 972 1025 durare
1007 1006 1072 1026 non
1105 996 1226 1035 posset.
1271 994 1355 1025 hanc
1386 995 1495 1025 autem

212 1049 351 1090 legimus
371 1049 460 1089 prius
481 1060 499 1079 a
519 1047 644 1079 Theseo
665 1050 793 1089 raptam
813 1050 845 1079 et
864 1047 897 1078 in
918 1047 1071 1088 Aegypto
1090 1047 1348 1079 commendatam
1367 1047 1494 1078 Proteo.

213 1103 280 1133 licet
303 1102 368 1133 alia
389 1102 499 1142 fabula
522 1112 542 1132 a
566 1101 682 1133 Paride
705 1104 828 1141 raptam
852 1104 892 1142 et,
917 1112 985 1132 cum
1008 1102 1051 1131 ad
1073 1101 1246 1142 Aeyyptmn
1269 1111 1336 1132 cum
1359 1112 1393 1132 ea
1417 1101 1496 1142 isset,

212 1166 232 1186 a
257 1155 377 1196 Proteo,
408 1156 523 1195 coquito
554 1158 659 1196 raptu,
688 1155 875 1186 subtractam
904 1154 1017 1186 Paridi
1047 1155 1137 1186 dicat.
1228 1162 1348 1186 FACIES
1379 1162 1495 1185 INVJSA

213 1208 420 1250 pulchritudo
441 1207 583 1239 Helenae
608 1208 733 1249 odiosa,
758 1208 789 1239 id
814 1210 863 1239 est
882 1207 1015 1239 Helena.
1054 1210 1085 1239 et
1110 1209 1159 1239 est
1179 1207 1353 1248 Graecum,
1376 1209 1412 1238 ut
1436 1206 1495 1238 ‘vis

213 1261 395 1302 Hereulea',
418 1261 479 1292 hoo
503 1264 553 1292 est
572 1261 738 1293 Hercules.
776 1261 905 1293 ostendit
927 1263 1029 1292 autem
1052 1263 1183 1292 naturae
1206 1261 1327 1301 culpam
1350 1271 1413 1292 non
1436 1270 1497 1292 esso

212 1315 386 1347 hominibus
405 1315 644 1346 adscribendam.
677 1315 778 1346 ssseme
797 1315 923 1355 quidam
943 1313 1067 1346 ‘invisa’
1086 1315 1217 1355 figyurate
1236 1315 1350 1346 dictum
1363 1316 1495 1354 putaret,⁸

213 1370 361 1400 adserunt
383 1368 464 1399 enim
488 1369 530 1399 ad
554 1368 681 1399 Troiam
704 1368 858 1399 Helenam
886 1378 948 1399 uzon
977 1368 1103 1408 venisse,
1134 1368 1168 1399 «id
1195 1370 1238 1399 est
1263 1378 1327 1399 uon
1353 1368 1452 1398 visam
1475 1377 1496 1398 a

287 1468 299 1490 1
321 1463 465 1498 Horatius]
487 1472 570 1490 earm.
586 1464 598 1489 Ι
615 1467 655 1498 12,
672 1467 705 1490 25
720 1465 729 1498 ΙΙ
744 1465 772 1490 et
791 1465 833 1490 est
848 1465 983 1490 Graecum
1005 1473 1026 1490 e.
1043 1474 1067 1497 q.
1085 1464 1118 1499 s.]
1139 1464 1172 1490 cf.
1188 1464 1258 1490 Don,
1279 1464 1314 1490 ad
1334 1463 1395 1490 Ter.
1411 1463 1495 1490 Andr.

214 1501 239 1526 II
260 1504 284 1534 3,
300 1501 357 1534 2611
374 1504 404 1526 12
425 1500 562 1526 Helenam
581 1508 646 1526 vero
667 1521 672 1526 .
694 1520 699 1526 .
720 1521 725 1526 .
747 1500 971 1526 commendatam
991 1500 1105 1534 Proteo]
1126 1508 1211 1526 exsoiz
1231 1499 1370 1533 mythogr.
1391 1499 1415 1525 II
1437 1502 1495 1525 132.

287 1629 299 1651 1
321 1625 453 1651 Horatius
473 1633 522 1651 om.
543 1625 596 1659 ΗΙΙ
615 1625 713 1651 laedae
735 1625 856 1658 ΘΗΜΙΙ
875 1625 991 1658 παῖδας]
1012 1624 1129 1658 praedas
1151 1623 1174 1650 0
1198 1633 1298 1650 numne
1318 1623 1343 1649 L
1362 1624 1456 1656 (mmo
1476 1623 1496 1656 l>

214 1663 312 1688 nalaac
332 1661 363 1686 Il
376 1662 385 1694 ΙΙ
404 1664 419 1686 2
440 1661 524 1687 etiam
545 1670 595 1687 om.
616 1661 669 1687 Me
683 1662 692 1694 ΙΙ
706 1661 835 1695 refertur]
856 1660 990 1686 referetur
1009 1660 1039 1685 E
1066 1661 1094 1686 et
1112 1659 1148 1685 ad
1168 1659 1288 1686 hominis
1308 1658 1495 1685 conditionem

215 1698 278 1724 add.
295 1697 445 1723 Fabricius
459 1698 468 1729 ΙΙ
487 1699 503 1722 4
520 1698 548 1722 et
567 1696 658 1722 adhuc
678 1705 762 1730 opera
782 1705 831 1722 sua
850 1704 905 1722 non
925 1696 1073 1722 advertant
1093 1695 1254 1721 Masvteius.
1275 1695 1338 1727 fort.
1359 1696 1387 1720 et
1405 1694 1495 1720 adhuc

214 1741 262 1758 sua
283 1740 368 1766 opera
388 1733 560 1758 avertantur.
594 1732 627 1764 cf.
644 1732 773 1757 Donatus
797 1732 833 1757 ad
851 1732 875 1757 Ιι.
891 1740 913 1757 v.
929 1732 967 1765 115
989 1731 1024 1757 ad
1043 1739 1066 1756 r.
1083 1733 1134 1756 6οΟ
1149 1733 1172 1756 et
1187 1733 1236 1756 501
1258 1729 1390 1756 Hauserit
1409 1729 1494 1764 ensis]

214 1770 264 1794 aut
283 1768 420 1802 percussit
440 1789 445 1794 .
467 1788 472 1793 .
494 1789 499 1793 .
519 1769 569 1794 aut
587 1767 736 1794 uorauerit.
771 1767 949 1801 Tyndaridis]
970 1766 1048 1799 atqui
1069 1767 1128 1799 (aut
1147 1766 1205 1799 qui)
1226 1786 1231 1791 .
1253 1786 1258 1792 .
1280 1787 1284 1792 .
1305 1765 1424 1799 partitus
1444 1766 1494 1791 est.

215 1804 277 1829 ideo
294 1803 428 1829 Helenam
445 1803 592 1836 (aelenam)
609 1811 730 1829 sororem
747 1811 842 1829 eorum
858 1803 968 1828 constat
982 1810 1040 1828 esse
1055 1801 1241 1827 inmortalem.
1272 1800 1375 1835 Inuisa]
1391 1800 1494 1826 odiosa.

214 1839 370 1873 Lacaenae]
391 1847 407 1864 a
426 1838 572 1872 prouincia
591 1838 730 1864 Laconica
750 1859 755 1863 .
772 1860 777 1864 .
794 1860 800 1865 .
821 1838 895 1871 quod
915 1846 1007 1863 rarum
1027 1838 1077 1863 est.
1100 1837 1127 1862 P
1144 1838 1153 1870 ΙΙ
1178 1840 1191 1863 7
1211 1846 1367 1862 ΤιΝοΑιιιῡΕε
1389 1835 1411 1861 C
1427 1837 1436 1869 ss
1454 1836 1495 1862 at-

215 1874 261 1907 qui
282 1883 313 1899 ω·
333 1873 430 1907 autqui
451 1874 473 1899 C
485 1875 493 1907 ΙΙ
509 1878 523 1899 9
543 1882 608 1900 nam
628 1882 677 1899 071¹.
695 1873 738 1907 ΟΙΙ
754 1877 785 1899 10
806 1873 916 1907 Castor]
937 1873 1139 1906 Clytemuestra
1159 1873 1187 1898 et
1206 1872 1304 1898 Castor
1319 1871 1469 1897 Fabricius
1486 1870 1495 1905 ΙΙ

218 1913 246 1935 11
269 1909 471 1935 inmortalitate
496 1918 546 1935 sua
566 1909 593 1934 P
610 1910 619 1942 ΙΙ
647 1912 677 1934 12
699 1909 819 1942 partitus
839 1909 891 1942 ost]
918 1908 1037 1934 traditur
1058 1916 1176 1941 namque
1196 1907 1271 1940 quod
1289 1905 1447 1941 permiserit
1467 1914 1495 1932 se

215 1945 311 1979 pollux
332 1945 419 1971 occidi
441 1954 495 1977 qua
518 1946 597 1978 parte
617 1944 744 1970 mortalis
764 1946 823 1970 erat
843 1944 945 1978 (fuerat
963 1944 1000 1977 L)
1020 1944 1050 1969 ut
1074 1945 1165 1970 castor
1188 1942 1420 1969 inmortalitatem
1439 1949 1495 1968 me-

215 1982 322 2006 reretur
346 1981 438 2013 sicque
462 1979 581 2005 redemit
600 1980 663 2006 add.
683 1980 787 2005 LMM
814 1979 908 2006 onmia
932 1979 1047 2005 nomina
1070 1979 1116 2005 uel
1139 1978 1289 2012 participia
1307 1977 1336 2004 in
1357 1986 1404 2004 ,ns
1424 1976 1496 2003 desi—

216 2016 311 2042 nentia
335 2016 448 2041 nomina
474 2015 629 2042 ablatiuum
655 2016 682 2041 in
704 2023 734 2041 .e.
755 2015 905 2049 participia
924 2015 950 2040 in
972 2015 996 2042 .i.
1018 2015 1046 2041 et
1064 2014 1093 2040 in
1112 2023 1143 2041 ,er
1163 2014 1285 2040 mittunt.
1323 2012 1390 2039 licet
1409 2012 1495 2039 etiam

216 2051 313 2077 cadom
334 2053 361 2077 et
380 2051 493 2077 nomina
512 2052 541 2077 et
560 2050 710 2084 participia
730 2051 786 2076 sint
804 2050 948 2077 nominum
968 2051 1061 2076 autem
1081 2057 1153 2083 quae
1173 2051 1201 2075 et
1221 2048 1335 2083 propria
1354 2049 1382 2074 et
1400 2046 1494 2081 appel·

217 2087 306 2112 latiua
326 2095 383 2112 esse
409 2087 525 2120 possunt
548 2086 688 2113 ablatiuus
708 2094 725 2112 a
743 2086 855 2120 proprio
880 2086 908 2112 iu
929 2094 959 2113 .o.
980 2085 1044 2112 exit.
1083 2085 1118 2111 ab
1143 2085 1268 2111 ablatiuo
1292 2084 1318 2110 in
1340 2083 1364 2111 .i.
1386 2084 1495 2116 praeter

216 2123 266 2148 illa
290 2122 353 2148 add.
376 2122 417 2147 M.
447 2123 480 2154 cf.
502 2122 538 2148 ad
557 2131 579 2148 ν.
602 2125 652 2148 610
676 2123 685 2155 ΙΙ
713 2121 797 2148 fuisse
818 2142 823 2147 .
845 2143 850 2148 .
872 2143 876 2147 .
902 2121 1043 2147 Thebanis
1068 2129 1116 2147 om.
1139 2120 1172 2152 G,
1198 2121 1229 2146 in
1251 2119 1388 2145 Fulde‘nsi
1410 2118 1495 2150 fuisse

217 2160 330 2183 testatur
351 2158 509 2190 Scioppius,
534 2158 582 2191 qui
601 2157 734 2183 Thebano
754 2157 876 2183 Eteoclis
897 2158 925 2183 et
943 2156 1085 2190 Polynicis
1104 2156 1179 2182 bello
1201 2163 1252 2189 pro
1271 2162 1333 2181 cum
1353 2152 1494 2179 Thebanis

217 2193 290 2219 bello
311 2194 436 2219 enotavit.
452 2193 460 2225 ΙΙ
478 2196 507 2217 10
527 2193 612 2218 fuisso
634 2193 663 2218 H
676 2193 684 2226 ΙΙ
699 2193 837 2226 potuisset
856 2193 1046 2226 mythoqraphi
1059 2192 1068 2225 ΙΙ
1083 2192 1155 2218 hune
1171 2190 1194 2217 C
1205 2191 1214 2224 ΙΙ
1229 2193 1261 2216 17
1281 2188 1369 2223 prius]
1389 2188 1495 2222 primus

219 2229 253 2254 M
280 2229 370 2262 primo
391 2236 434 2254 me
454 2231 476 2253 ct
498 2228 643 2261 Scioppius
662 2236 675 2253 e
694 2228 830 2254 Famem-2·
844 2229 853 2261 ΙΙ
872 2229 981 2261 ruptam
1003 2228 1047 2261 011
1067 2226 1289 2253 commendatum
1310 2224 1333 2250 G
1348 2225 1357 2257 ΙΙ
1376 2224 1494 2257 protheo

217 2264 320 2290 LJJM
343 2265 352 2298 ΙΙ
377 2266 408 2289 18
428 2263 495 2288 licet
515 2272 568 2288 ›mn
588 2264 705 2289 metavit
726 2263 880 2297 Scioppius.
904 2264 912 2297 ΙΙ
937 2264 1048 2297 raptum
1068 2262 1091 2289 C
1109 2263 1119 2296 ΙΙ
1141 2260 1283 2295 aegiptum
1305 2259 1328 2286 C
1346 2260 1355 2293 ΙΙ
1380 2262 1411 2285 19
1432 2259 1494 2285 sub-

217 2301 338 2326 tractum
363 2299 385 2325 0
402 2299 411 2332 ΙΙ
434 2298 503 2324 dicit
526 2298 672 2332 Scioppius
696 2300 813 2325 enotavit
836 2300 845 2333 ΙΙ
871 2302 905 2325 20
928 2297 1087 2332 pulcritudo
1110 2297 1135 2323 L
1158 2298 1167 2330 ΙΙ
1194 2295 1312 2329 Helena]
1337 2295 1453 2321 helenae
1474 2294 1497 2320 O

217 2335 318 2361 helena
336 2343 368 2361 eae
386 2334 484 2360 helene
505 2334 529 2359 L
544 2335 552 2367 ΙΙ
574 2338 606 2359 22
627 2342 693 2360 sane
713 2334 826 2367 quidam
847 2355 852 2360 .
874 2355 878 2360 .
902 2355 906 2360 .
928 2333 1027 2368 seiam]
1048 2333 1081 2366 cs.
1102 2333 1165 2359 adn.
1185 2332 1243 2358 crit.
1265 2331 1301 2357 ad
1319 2339 1342 2356 ν.
1363 2333 1414 2357 592
