1690 2611
502 111 615 138 COMM.
635 111 674 137 IN
694 110 801 137 VERG.
820 110 905 138 AEN.
924 110 957 136 II.
977 113 1058 136 244-
1067 114 1127 136 254.
1386 109 1448 139 261

171 194 287 224 tivam:
312 193 389 225 licet
413 192 583 224 Terentius
608 192 731 224 Graeco
756 203 845 223 more
870 191 989 223 dixerit
1018 202 1149 232 agrum
1179 192 1218 222 in
1241 191 1301 223 his
1325 191 1449 232 regio-

172 246 285 277 nibus
310 246 509 278 meliorem
532 257 652 288 neque
671 245 792 287 pretii
815 245 973 276 maioris
999 256 1107 276 nemo
1132 245 1258 276 habet.
1328 258 1450 277 camma

171 300 298 331 cleobium
322 311 342 331 α
365 310 422 340 quo
445 300 532 331 verbo
555 300 669 339 vemat,
693 301 721 330 ct
738 309 781 330 an
802 299 990 338 femininum
1008 299 1049 329 sit
1067 299 1224 338 sinyzdccrc
1237 299 1450 340 pai-ticipiznn,

173 364 214 385 (m
237 356 381 385 neutrum
398 353 532 394 plurale.

219 411 224 415 ”
260 408 334 438 249.
372 415 483 439 FESTA
511 415 651 437 FRONDE
685 417 766 447 quae
795 406 896 437 festos
925 405 1047 436 indicat
1076 405 1157 446 dies,
1190 406 1234 437 vel
1262 416 1338 446 quac
1364 406 1450 445 festis
1469 413 1484 435 5

172 461 276 492 dicbus
304 461 478 501 adhibetur,
506 461 543 491 ut
570 459 693 500 laurus,
717 459 804 490 oliva
833 461 866 490 et
894 458 1022 490 similia.
1128 467 1290 490 VELAMVS
1320 470 1450 490 corona-

175 526 258 555 mus,
287 516 323 545 ut
347 514 397 554 <V
422 514 507 554 366>
530 513 674 544 victori
703 513 872 544 velatum
902 523 993 544 auro
1022 504 1212 553 vittisque
1241 512 1450 543 iuvencum.

261 568 334 599 250.
372 575 547 599 VERTITVR
576 575 714 598 CAELVM
747 566 837 607 atqui
869 565 1037 606 epitheton
1065 565 1126 596 hoe
1151 565 1232 596 caeli
1259 567 1450 606 perpetuum

173 623 235 652 est:
264 621 319 652 sed
348 619 517 652 ‘vertitur’
545 620 594 650 est
624 619 672 650 ein
703 619 801 650 aliam
830 619 945 650 faciem
975 618 1220 659 commutatur’,
1250 619 1333 659 quod
1362 630 1450 649 more

173 686 230 706 suo
255 674 409 715 explanat
433 672 650 714 sequentibus.
741 681 823 704 RVIT
849 680 986 704 OCEANO
1015 672 1162 703 nascitur
1186 671 1223 703 de
1249 671 1390 712 Oceano,
1415 674 1450 703 ut
1473 680 1503 702 10

174 728 253 759 ruit
277 729 398 758 atram
423 726 467 758 ad
490 726 636 757 caelum
664 726 775 767 picea
803 736 957 757 crassus
987 725 1158 766 caligine
1187 725 1332 756 nubem.
1379 725 1450 756 ideo

174 782 282 812 autem
312 779 419 821 ‘ruit',
447 779 522 821 quia
551 779 648 810 altius
679 782 728 810 est
756 790 843 810 mare
873 790 969 820 quam
997 781 1097 819 terra,
1126 781 1162 810 ut
1185 779 1323 810 diximus
1353 790 1451 819 supra.

175 834 211 874 <I
235 834 330 875 381).
366 836 422 865 aut
444 836 519 864 certe
543 832 637 864 ‘ruit'
661 843 730 864 cum
753 833 867 873 impetu
890 835 918 864 ct
938 832 1132 872 festinatlonc
1154 833 1248 874 venit,
1271 834 1306 863 ut
1328 831 1364 872 <I
1388 832 1450 872 83>

171 898 242 927 qua
270 888 358 919 data
380 889 493 927 porta
520 889 641 918 ruunt.
686 897 760 918 sane
787 886 934 927 sphaerae
961 887 1041 918 ‘ratio
1069 886 1122 918 hcc
1152 886 1251 927 habet,
1281 888 1317 917 ut
1345 886 1451 917 omnia

170 941 297 972 (liversis
319 940 434 972 vicibus
456 941 535 971 sicut
557 941 650 981 oriri,>
671 941 718 972 ita
741 943 768 972 et
789 951 878 971 ruere
900 934 1074 971 videantur.
1472 946 1502 969 15

261 994 336 1025 251.
373 1002 491 1024 VMBRA
516 1002 638 1025 MAGNA
662 994 694 1025 id
714 996 763 1025 est
786 995 905 1025 terrae:
931 995 963 1024 et
986 992 1133 1024 definitio
1159 994 1208 1023 est
1231 993 1344 1024 noctis.

260 1047 332 1078 252.
371 1055 682 1084 MYRMIDONVMQVE
704 1055 818 1078 DOLOS
840 1058 858 1077 a
878 1046 1084 1087 generalibus
1108 1045 1148 1076 ad
1169 1045 1323 1086 specialia
1343 1046 1451 1077 venire

172 1100 327 1131 vitiosum
351 1102 413 1140 est,
444 1099 507 1130 nisi
531 1099 615 1130 forte
639 1099 788 1130 redeatur
817 1099 855 1130 ad
885 1109 1028 1139 causam,
1056 1101 1093 1130 ut
1121 1098 1182 1130 hoc
1211 1099 1292 1130 loco.
1384 1112 1455 1131 κινεῖ

176 1153 306 1193 dispcrsi
327 1154 410 1193 †pcr
432 1163 489 1184 sua
509 1153 641 1192 quisque.
680 1163 721 1183 an
741 1153 783 1183 ad
799 1152 936 1183 habitum
957 1152 1074 1183 rettulit
1096 1153 1311 1183 dormientium
1335 1162 1451 1184 securo-

175 1206 325 1246 rumquc?
415 1214 482 1236 PER
510 1214 645 1237 MOENJA
673 1217 731 1246 per
759 1205 885 1246 domos,
914 1207 950 1236 ut
975 1216 1072 1246 supra
1096 1206 1202 1246 <234>
1234 1208 1270 1237 et
1301 1206 1451 1237 moenia
1470 1214 1503 1236 20

172 1259 375 1300 pandimus
400 1259 521 1290 urbis:
547 1258 705 1290 ‘moenia'
731 1259 817 1290 enim
842 1260 874 1290 et
897 1259 1028 1299 publica
1052 1262 1084 1290 et
1108 1259 1235 1300 privata
1258 1259 1416 1290 dicuntur.

260 1312 334 1343 253.
376 1325 555 1344 CONTICVERE
577 1313 784 1344 dwmicrunt:
808 1323 845 1343 ew
869 1313 1114 1352 consequentibns
1137 1314 1248 1352 priora
1274 1313 1450 1353 intelleyzm-

172 1368 231 1396 tur.
298 1378 402 1397 FEssos
421 1378 516 1397 nurus
538 1369 593 1397 ant
612 1366 808 1407 ycncralitcr,
831 1367 905 1406 quia
930 1367 1030 1397 omnis
1050 1367 1203 1398 dormiens
1222 1367 1312 1407 quasi
1333 1367 1450 1406 fessus:

171 1421 226 1450 acet
249 1418 372 1458 ‘fessos'
397 1419 541 1450 trahendo
567 1430 676 1459 equum
699 1420 903 1459 dirucndoquc
926 1430 1040 1451 muros.

261 1472 334 1504 254.
372 1481 537 1503 PHALANx
562 1472 674 1514 lingua
693 1472 904 1504 Macedonum
928 1473 1024 1513 legio.
1063 1476 1095 1505 et
1115 1476 1164 1505 cst
1184 1485 1202 1504 a
1222 1476 1313 1514 parte
1333 1475 1449 1515 totum,
1469 1480 1502 1503 25

246 1607 257 1630 l
279 1604 434 1639 Terentius]
455 1604 578 1631 heauton
597 1605 656 1631 tim.
677 1606 688 1630 Ι
710 1608 732 1638 1,
754 1608 783 1630 11
800 1606 809 1638 u
830 1608 860 1630 11
881 1604 948 1638 ruit]
969 1612 1063 1639 georg.
1085 1606 1110 1631 1Ι
1130 1608 1181 1631 308

246 1732 259 1754 1
281 1728 426 1755 Terentius
448 1729 546 1756 feeerit
565 1738 641 1756 more
661 1737 760 1763 graeco
782 1729 810 1754 P
822 1730 831 1763 Η
845 1729 956 1763 dixerit]
977 1729 1056 1756 duxit
1074 1730 1100 1755 L
1120 1732 1197 1761 (corr.
1218 1731 1275 1757 ead.
1295 1732 1379 1764 mim.)
1394 1732 1402 1765 [Ι
1421 1731 1449 1757 in

173 1764 217 1790 his
237 1764 397 1798 regionibus
416 1773 464 1791 om.
487 1765 514 1790 P
531 1766 540 1798 ΙΙ
563 1768 578 1791 2
598 1765 698 1799 praetii
719 1765 777 1791 CH
798 1766 806 1798 Ι]
830 1768 845 1791 3
866 1765 1006 1799 singulare
1031 1765 1067 1791 sit
1087 1766 1114 1791 P
1130 1766 1139 1799 Η
1163 1769 1179 1791 4
1199 1764 1268 1792 an'ne
1288 1767 1381 1792 utrum
1403 1766 1425 1792 C

129 1807 137 1813 ·
176 1803 190 1825 5
211 1800 248 1826 ad
267 1808 290 1825 rv.
311 1803 361 1826 249
386 1800 469 1826 Festa
491 1800 601 1835 fronde]
627 1809 696 1834 quae
720 1800 807 1826 festos
833 1821 838 1826 .
861 1822 865 1826 .
887 1821 892 1826 .
918 1800 1000 1826 oliua.
1040 1801 1183 1836 Velanius]
1208 1810 1380 1828 coronamus.
1403 1803 1429 1828 P
1450 1808 1451 1818 ¹

178 1838 192 1861 6
213 1834 301 1869 oliua]
321 1835 396 1861 olnia
415 1836 448 1861 H
463 1835 567 1862 hedera
586 1837 649 1862 add.
669 1836 698 1861 D
717 1839 741 1862 et
756 1836 910 1869 ,Stephanus
924 1838 933 1869 ΙΙ
948 1844 1078 1862 coronam
1098 1837 1151 1870 ΗΙΙ
1167 1840 1180 1863 7
1200 1837 1310 1863 uelatur
1328 1837 1425 1863 LHE
1448 1840 1450 1865 ἶ

176 1870 307 1904 vittisque
326 1870 472 1896 iuvencum
492 1879 541 1897 om.
563 1872 585 1898 G
606 1873 615 1905 ss
638 1871 766 1905 uitasque
785 1872 810 1897 L
834 1872 975 1905 uittasque
995 1872 1060 1897 HE
1082 1874 1090 1905 ΙΙ
1114 1875 1129 1897 8
1154 1873 1191 1898 ad
1211 1882 1232 1898 r.
1254 1876 1305 1898 250
1325 1873 1450 1899 Vertitur

176 1905 296 1940 caelum]
326 1905 469 1939 epitheton
498 1907 568 1932 caeli
595 1909 761 1940 perpetuum
791 1908 833 1933 est
857 1928 862 1933 .
884 1928 914 1934 ..
946 1909 1131 1934 commutatur
1160 1909 1346 1941 (comotatur).
1384 1909 1451 1935 Ruit

173 1941 289 1975 oceano]
311 1942 343 1967 ut
360 1940 417 1967 ruit
436 1962 441 1968 .
458 1962 463 1967 .
481 1962 486 1967 .
507 1942 616 1969 nubem.
654 1943 703 1968 aut
726 1942 782 1968 ruit
805 1943 913 1976 impetu
933 1964 938 1968 .
955 1964 960 1968 .
977 1964 982 1968 .
1003 1945 1092 1970 ruunt.
1120 1944 1147 1969 P
1168 1945 1177 1977 ΙΙ
1200 1944 1284 1977 atque
1304 1944 1337 1969 H
1357 1945 1366 1977 ΙΙ
1389 1952 1449 1978 per-

175 1978 290 2010 petuum
318 1976 371 2010 est]
400 1984 465 2013 naui
489 1986 640 2010 numquam
664 1980 721 2004 stat
746 1978 793 2004 sed
817 1986 926 2012 semper
949 1980 1078 2004 mouetur
1101 1980 1129 2004 et
1155 1979 1279 2005 uoluitur
1302 1980 1365 2007 add.
1390 1980 1420 2005 E
1442 1984 1450 2012 1}

175 2016 190 2038 9
211 2012 258 2038 sed
278 2012 396 2038 uertitur
416 2012 444 2037 id
460 2014 507 2038 ‘est
527 2013 563 2038 M
590 2013 638 2039 sed
656 2013 701 2039 hic
721 2013 839 2039 uertitur
858 2015 901 2039 est
918 2013 948 2039 E
975 2014 1023 2040 sed
1049 2014 1168 2040 uertitur
1186 2023 1258 2040 nunc
1283 2016 1326 2041 est
1343 2015 1423 2048 vulqo
1448 2016 1449 2037 l

175 2048 299 2073 mutatur
320 2048 342 2074 C
360 2049 557 2081 (commutatur
578 2048 620 2081 02)
635 2050 644 2081 ΙΙ
660 2051 691 2074 10
711 2049 739 2074 in
759 2049 937 2082 sequent-ibus
958 2049 1052 2075 CMIe
1067 2051 1076 2083 ΙΙ
1091 2053 1122 2075 12
1143 2052 1185 2076 est
1204 2058 1253 2076 om.
1274 2050 1297 2076 C
1308 2052 1317 2083 Η
1332 2052 1363 2076 ut
1382 2051 1450 2077 dixi-

173 2092 234 2109 mus
261 2091 344 2116 supra
370 2091 418 2108 cm.
441 2083 463 2108 C
484 2084 493 2115 ΙΙ
518 2086 549 2109 13
576 2083 653 2109 venit
679 2084 719 2110 bis
742 2085 874 2117 scriptum
900 2087 959 2110 erat
984 2085 1014 2110 in
1040 2085 1075 2117 Ο,-
1102 2086 1216 2111 alterum
1242 2094 1349 2112 erasum
1373 2089 1417 2112 est.
1448 2092 1449 2100 ¹

175 2121 208 2144 14
232 2127 328 2152 sperae
356 2118 377 2144 G
399 2119 407 2151 ΙΙ
433 2122 463 2144 16
488 2119 590 2151 noctis,
614 2127 675 2144 cum
701 2119 742 2145 sol
765 2119 837 2145 infra
858 2119 1093 2153 hemisphaerium
1120 2120 1149 2146 in
1173 2121 1342 2147 contrarium
1365 2121 1450 2148 iaciat

175 2154 316 2187 umbram,
341 2162 411 2187 quae
436 2162 489 2179 nox
513 2155 562 2179 est.
588 2153 617 2179 D
639 2156 648 2187 ΙΙ
671 2158 702 2180 13
729 2155 807 2180 redet
830 2155 855 2180 L
882 2155 979 2181 redeat
1004 2156 1054 2181 Ml
1076 2157 1085 2189 ΙΙ
1110 2160 1141 2182 19
1167 2165 1217 2190 per
1243 2165 1292 2182 sua
1318 2156 1446 2190 quisque]

173 2197 224 2222 pro
244 2197 272 2215 se
291 2189 407 2222 quisque
427 2190 497 2215 coni.
512 2189 648 2223 Berylcz'zts
667 2198 715 2223 per
733 2189 792 2215 vias
812 2189 963 2223 domusque
979 2190 1014 2217 F.
1031 2191 1178 2218 Schocllius
1192 2193 1201 2226 11
1215 2192 1262 2226 an]
1283 2192 1338 2218 iam
1358 2195 1447 2218 enota-

176 2225 214 2250 vit
233 2224 381 2258 Scioppius
395 2226 404 2258 ΙῙ
426 2225 460 2250 ad
480 2225 607 2250 habitum
627 2225 677 2251 C'2:
697 2223 854 2251 adhib'itum
876 2225 964 2259 01122
985 2227 1022 2252 ad
1040 2235 1062 2253 v.
1083 2230 1134 2253 253
1156 2227 1329 2261 Conticuere]
1349 2227 1446 2253 docue-

174 2262 238 2285 runt
265 2280 270 2286 .
291 2281 321 2286 ..
349 2260 557 2294 intelleguntur.
595 2260 693 2286 Fessos
721 2260 810 2294 artus]
835 2261 972 2287 trahendo
1001 2270 1109 2294 equum.
1141 2262 1168 2288 P
1193 2264 1202 2296 Η
1228 2266 1261 2289 ‘25
1289 2263 1325 2288 ad
1348 2271 1371 2288 17.
1397 2265 1447 2287 254

176 2295 311 2329 Phalanx]
336 2295 433 2329 lingua
456 2295 639 2322 Macedonum
664 2295 861 2329 (macidonum)
884 2296 966 2331 legio.
1009 2299 1039 2323 et
1065 2298 1236 2331 synecdoche
1265 2306 1282 2324 a
1305 2298 1384 2331 parte
1407 2298 1446 2324 to-

173 2332 233 2356 tum
253 2351 258 2357 .
275 2352 280 2356 .
298 2351 303 2356 .
340 2331 414 2365 Ibat]
434 2331 573 2357 ueniebat.
598 2331 625 2356 P
