<?xml version="1.0" encoding="UTF-8"?>
<!DOCTYPE html PUBLIC "-//W3C//DTD XHTML 1.0 Transitional//EN"
    "http://www.w3.org/TR/xhtml1/DTD/xhtml1-transitional.dtd">
<html xmlns="http://www.w3.org/1999/xhtml" xml:lang="en" lang="en">
 <head>
  <title>
</title>
<meta http-equiv="Content-Type" content="text/html;charset=utf-8" />
  <meta name='ocr-system' content='tesseract 3.04.00' />
  <meta name='ocr-capabilities' content='ocr_page ocr_carea ocr_par ocr_line ocrx_word'/>
</head>
<body>
  <div class='ocr_page' id='page_1' title='image "./serviigrammatici01bons_0441.png"; bbox 0 0 1690 2611; ppageno 0'>
   <div class='ocr_carea' id='block_1_1' title="bbox 497 108 1428 139">
    <p class='ocr_par' dir='ltr' id='par_1_1' title="bbox 497 108 1428 139">
     <span class='ocr_line' id='line_1_1' title="bbox 497 108 1428 139; baseline -0.003 -2"><span class='ocrx_word' id='word_1_1' title='bbox 497 109 610 137; x_wconf 90' lang='lat' dir='ltr'>COMM.</span> <span class='ocrx_word' id='word_1_2' title='bbox 630 110 668 136; x_wconf 90' lang='lat' dir='ltr'>IN</span> <span class='ocrx_word' id='word_1_3' title='bbox 688 109 795 135; x_wconf 83' lang='lat' dir='ltr'>VERG.</span> <span class='ocrx_word' id='word_1_4' title='bbox 816 109 897 135; x_wconf 88' lang='lat' dir='ltr'>AEN.</span> <span class='ocrx_word' id='word_1_5' title='bbox 920 108 964 134; x_wconf 91' lang='lat' dir='ltr'>III.</span> <span class='ocrx_word' id='word_1_6' title='bbox 987 111 1098 135; x_wconf 76' lang='lat'>15—20.</span> <span class='ocrx_word' id='word_1_7' title='bbox 1364 108 1428 139; x_wconf 79' lang='lat'>339</span> 
     </span>
    </p>
   </div>
   <div class='ocr_carea' id='block_1_2' title="bbox 107 189 1437 1564">
    <p class='ocr_par' dir='ltr' id='par_1_2' title="bbox 107 189 1430 392">
     <span class='ocr_line' id='line_1_2' title="bbox 154 189 1430 231; baseline -0.003 -7"><span class='ocrx_word' id='word_1_8' title='bbox 154 193 228 224; x_wconf 90' lang='lat' dir='ltr'>inde</span> <span class='ocrx_word' id='word_1_9' title='bbox 257 193 378 224; x_wconf 77' lang='lat' dir='ltr'>auxilia</span> <span class='ocrx_word' id='word_1_10' title='bbox 407 193 446 223; x_wconf 85' lang='lat' dir='ltr'>ad</span> <span class='ocrx_word' id='word_1_11' title='bbox 475 192 606 223; x_wconf 83' lang='lat' dir='ltr'>Troiam</span> <span class='ocrx_word' id='word_1_12' title='bbox 634 191 773 222; x_wconf 84' lang='lat' dir='ltr'>venisse:</span> <span class='ocrx_word' id='word_1_13' title='bbox 808 201 884 231; x_wconf 81' lang='lat' dir='ltr'>ergo</span> <span class='ocrx_word' id='word_1_14' title='bbox 921 191 986 221; x_wconf 84' lang='lat' dir='ltr'>iam</span> <span class='ocrx_word' id='word_1_15' title='bbox 1018 190 1132 221; x_wconf 80' lang='lat' dir='ltr'>fuerat.</span> <span class='ocrx_word' id='word_1_16' title='bbox 1180 189 1368 231; x_wconf 83' lang='lat' dir='ltr'>Euphorion</span> <span class='ocrx_word' id='word_1_17' title='bbox 1398 191 1430 220; x_wconf 88' lang='lat' dir='ltr'>et</span> 
     </span>
     <span class='ocr_line' id='line_1_3' title="bbox 107 242 1429 285; baseline -0.003 -8"><span class='ocrx_word' id='word_1_18' title='bbox 107 247 109 250; x_wconf 58' lang='lat'><em>⁴</em></span> <span class='ocrx_word' id='word_1_19' title='bbox 155 245 373 277; x_wconf 81' lang='lat' dir='ltr'>Callimachus</span> <span class='ocrx_word' id='word_1_20' title='bbox 404 246 465 277; x_wconf 91' lang='lat' dir='ltr'>hoc</span> <span class='ocrx_word' id='word_1_21' title='bbox 488 245 599 276; x_wconf 83' lang='lat' dir='ltr'>dicunt</span> <span class='ocrx_word' id='word_1_22' title='bbox 623 245 734 285; x_wconf 83' lang='lat' dir='ltr'>etiam,</span> <span class='ocrx_word' id='word_1_23' title='bbox 765 244 848 285; x_wconf 88' lang='lat' dir='ltr'>quod</span> <span class='ocrx_word' id='word_1_24' title='bbox 872 243 997 274; x_wconf 88' lang='lat' dir='ltr'>Aenum</span> <span class='ocrx_word' id='word_1_25' title='bbox 1022 243 1146 274; x_wconf 81' lang='lat' dir='ltr'>dicatur</span> <span class='ocrx_word' id='word_1_26' title='bbox 1171 255 1189 274; x_wconf 92' lang='lat' dir='ltr'>a</span> <span class='ocrx_word' id='word_1_27' title='bbox 1213 243 1299 274; x_wconf 86' lang='lat' dir='ltr'>socio</span> <span class='ocrx_word' id='word_1_28' title='bbox 1324 242 1429 274; x_wconf 80' lang='lat' dir='ltr'>Ulixis</span> 
     </span>
     <span class='ocr_line' id='line_1_4' title="bbox 154 296 1359 339; baseline -0.003 -9"><span class='ocrx_word' id='word_1_29' title='bbox 154 299 222 330; x_wconf 84' lang='lat' dir='ltr'>illie</span> <span class='ocrx_word' id='word_1_30' title='bbox 247 299 374 339; x_wconf 83' lang='lat' dir='ltr'>sepulto</span> <span class='ocrx_word' id='word_1_31' title='bbox 400 310 436 330; x_wconf 89' lang='lat' dir='ltr'>eo</span> <span class='ocrx_word' id='word_1_32' title='bbox 460 300 614 339; x_wconf 82' lang='lat' dir='ltr'>tempore,</span> <span class='ocrx_word' id='word_1_33' title='bbox 639 309 701 339; x_wconf 87' lang='lat' dir='ltr'>quo</span> <span class='ocrx_word' id='word_1_34' title='bbox 726 298 842 328; x_wconf 86' lang='lat' dir='ltr'>missus</span> <span class='ocrx_word' id='word_1_35' title='bbox 867 299 917 328; x_wconf 88' lang='lat' dir='ltr'>est</span> <span class='ocrx_word' id='word_1_36' title='bbox 941 297 980 328; x_wconf 82' lang='lat' dir='ltr'>ad</span> <span class='ocrx_word' id='word_1_37' title='bbox 1005 296 1167 327; x_wconf 85' lang='lat' dir='ltr'>frumenta</span> <span class='ocrx_word' id='word_1_38' title='bbox 1190 296 1359 337; x_wconf 80' lang='lat' dir='ltr'>portanda.</span> 
     </span>
     <span class='ocr_line' id='line_1_5' title="bbox 153 350 1097 392; baseline -0.004 -9"><span class='ocrx_word' id='word_1_39' title='bbox 153 361 254 384; x_wconf 80' lang='lat' dir='ltr'><strong>FATIS</strong></span> <span class='ocrx_word' id='word_1_40' title='bbox 279 361 410 390; x_wconf 83' lang='lat' dir='ltr'>lNlQVIS</span> <span class='ocrx_word' id='word_1_41' title='bbox 435 353 515 383; x_wconf 90' lang='lat' dir='ltr'>bene</span> <span class='ocrx_word' id='word_1_42' title='bbox 540 351 615 392; x_wconf 88' lang='lat' dir='ltr'>quid</span> <span class='ocrx_word' id='word_1_43' title='bbox 641 351 683 382; x_wconf 85' lang='lat' dir='ltr'>sit</span> <span class='ocrx_word' id='word_1_44' title='bbox 706 350 851 382; x_wconf 87' lang='lat' dir='ltr'>futurum</span> <span class='ocrx_word' id='word_1_45' title='bbox 876 351 1097 391; x_wconf 73' lang='lat' dir='ltr'>praeoccupat.</span> 
     </span>
    </p>

    <p class='ocr_par' dir='ltr' id='par_1_3' title="bbox 154 402 1431 496">
     <span class='ocr_line' id='line_1_6' title="bbox 246 402 1431 445; baseline -0.003 -9"><span class='ocrx_word' id='word_1_46' title='bbox 246 405 294 436; x_wconf 85' lang='lat'>18.</span> <span class='ocrx_word' id='word_1_47' title='bbox 328 413 512 436; x_wconf 79' lang='lat' dir='ltr'>AENEADAS</span> <span class='ocrx_word' id='word_1_48' title='bbox 533 415 604 436; x_wconf 88' lang='lat' dir='ltr'>ecce</span> <span class='ocrx_word' id='word_1_49' title='bbox 623 415 682 435; x_wconf 87' lang='lat' dir='ltr'>nec</span> <span class='ocrx_word' id='word_1_50' title='bbox 696 403 860 445; x_wconf 80' lang='lat' dir='ltr'>Vergilius</span> <span class='ocrx_word' id='word_1_51' title='bbox 877 403 1002 434; x_wconf 89' lang='lat' dir='ltr'>Aenum</span> <span class='ocrx_word' id='word_1_52' title='bbox 1019 402 1104 432; x_wconf 83' lang='lat' dir='ltr'>dicit.</span> <span class='ocrx_word' id='word_1_53' title='bbox 1130 402 1314 433; x_wconf 72' lang='lat' dir='ltr'>‘Aeneadas’</span> <span class='ocrx_word' id='word_1_54' title='bbox 1330 405 1431 433; x_wconf 74' lang='lat' dir='ltr'>autem</span> 
     </span>
     <span class='ocr_line' id='line_1_7' title="bbox 154 456 1431 496; baseline -0.004 -6"><span class='ocrx_word' id='word_1_55' title='bbox 154 459 202 490; x_wconf 73' lang='lat' dir='ltr'>hic</span> <span class='ocrx_word' id='word_1_56' title='bbox 225 460 389 490; x_wconf 79' lang='lat' dir='ltr'>seczmdum</span> <span class='ocrx_word' id='word_1_57' title='bbox 412 459 618 489; x_wconf 75' lang='lat' dir='ltr'><em>accusativum</em></span> <span class='ocrx_word' id='word_1_58' title='bbox 641 468 748 489; x_wconf 69' lang='lat' dir='ltr'>women</span> <span class='ocrx_word' id='word_1_59' title='bbox 772 458 959 496; x_wconf 72' lang='lat' dir='ltr'>formatwm;</span> <span class='ocrx_word' id='word_1_60' title='bbox 984 456 1074 486; x_wconf 76' lang='lat' dir='ltr'>aliter</span> <span class='ocrx_word' id='word_1_61' title='bbox 1094 456 1180 486; x_wconf 65' lang='lat' dir='ltr'>iuxta</span> <span class='ocrx_word' id='word_1_62' title='bbox 1199 456 1431 486; x_wconf 66' lang='lat' dir='ltr'>nominativum.</span> 
     </span>
    </p>

    <p class='ocr_par' dir='ltr' id='par_1_4' title="bbox 156 508 1433 766">
     <span class='ocr_line' id='line_1_8' title="bbox 248 508 1432 548; baseline -0.003 -5"><span class='ocrx_word' id='word_1_63' title='bbox 248 513 296 544; x_wconf 84' lang='lat'>19.</span> <span class='ocrx_word' id='word_1_64' title='bbox 334 521 441 543; x_wconf 77' lang='lat' dir='ltr'>SACRA</span> <span class='ocrx_word' id='word_1_65' title='bbox 466 520 645 543; x_wconf 78' lang='lat' dir='ltr'>DIONAEAE</span> <span class='ocrx_word' id='word_1_66' title='bbox 671 520 780 542; x_wconf 81' lang='lat' dir='ltr'>MATRI</span> <span class='ocrx_word' id='word_1_67' title='bbox 805 510 933 548; x_wconf 78' lang='lat' dir='ltr'>Veneri,</span> <span class='ocrx_word' id='word_1_68' title='bbox 958 521 976 540; x_wconf 88' lang='lat' dir='ltr'>a</span> <span class='ocrx_word' id='word_1_69' title='bbox 1001 511 1103 540; x_wconf 84' lang='lat' dir='ltr'>matre</span> <span class='ocrx_word' id='word_1_70' title='bbox 1127 508 1235 539; x_wconf 85' lang='lat' dir='ltr'>Diona</span> <span class='ocrx_word' id='word_1_71' title='bbox 1260 509 1432 540; x_wconf 78' lang='lat' dir='ltr'>secundum</span> 
     </span>
     <span class='ocr_line' id='line_1_9' title="bbox 156 562 1432 606; baseline -0.002 -10"><span class='ocrx_word' id='word_1_72' title='bbox 156 565 344 596; x_wconf 85' lang='lat' dir='ltr'><strong>Homerum.</strong></span> <span class='ocrx_word' id='word_1_73' title='bbox 386 568 418 596; x_wconf 82' lang='lat' dir='ltr'>et</span> <span class='ocrx_word' id='word_1_74' title='bbox 441 565 522 596; x_wconf 86' lang='lat' dir='ltr'>bene</span> <span class='ocrx_word' id='word_1_75' title='bbox 546 565 722 606; x_wconf 80' lang='lat' dir='ltr'>dispensat,</span> <span class='ocrx_word' id='word_1_76' title='bbox 746 566 781 595; x_wconf 83' lang='lat' dir='ltr'>ut</span> <span class='ocrx_word' id='word_1_77' title='bbox 805 575 876 595; x_wconf 88' lang='lat' dir='ltr'>cum</span> <span class='ocrx_word' id='word_1_78' title='bbox 901 563 1067 594; x_wconf 88' lang='lat' dir='ltr'>adversam</span> <span class='ocrx_word' id='word_1_79' title='bbox 1090 562 1334 603; x_wconf 80' lang='lat' dir='ltr'>navigationem</span> <span class='ocrx_word' id='word_1_80' title='bbox 1360 563 1432 593; x_wconf 91' lang='lat' dir='ltr'>sub-</span> 
     </span>
     <span class='ocr_line' id='line_1_10' title="bbox 157 615 1433 660; baseline -0.004 -10"><span class='ocrx_word' id='word_1_81' title='bbox 157 619 272 660; x_wconf 84' lang='lat' dir='ltr'>iungit,</span> <span class='ocrx_word' id='word_1_82' title='bbox 296 619 474 650; x_wconf 78' lang='lat' dir='ltr'>Dionaeam</span> <span class='ocrx_word' id='word_1_83' title='bbox 490 617 650 649; x_wconf 84' lang='lat' dir='ltr'>Venerem</span> <span class='ocrx_word' id='word_1_84' title='bbox 670 617 764 656; x_wconf 81' lang='lat' dir='ltr'>dicat,</span> <span class='ocrx_word' id='word_1_85' title='bbox 785 619 820 648; x_wconf 85' lang='lat' dir='ltr'>ut</span> <span class='ocrx_word' id='word_1_86' title='bbox 839 616 899 647; x_wconf 88' lang='lat' dir='ltr'>hoc</span> <span class='ocrx_word' id='word_1_87' title='bbox 920 616 1004 655; x_wconf 67' lang='lat' dir='ltr'>loco,</span> <span class='ocrx_word' id='word_1_88' title='bbox 1030 616 1057 646; x_wconf 87' lang='lat' dir='ltr'>si</span> <span class='ocrx_word' id='word_1_89' title='bbox 1077 626 1274 656; x_wconf 82' lang='lat' dir='ltr'>prosperam,</span> <span class='ocrx_word' id='word_1_90' title='bbox 1295 615 1331 645; x_wconf 87' lang='lat' dir='ltr'>de</span> <span class='ocrx_word' id='word_1_91' title='bbox 1352 616 1433 646; x_wconf 86' lang='lat' dir='ltr'>mari</span> 
     </span>
     <span class='ocr_line' id='line_1_11' title="bbox 158 668 1433 712; baseline -0.003 -9"><span class='ocrx_word' id='word_1_92' title='bbox 158 683 229 703; x_wconf 88' lang='lat' dir='ltr'>eam</span> <span class='ocrx_word' id='word_1_93' title='bbox 253 672 339 703; x_wconf 82' lang='lat' dir='ltr'>(licat</span> <span class='ocrx_word' id='word_1_94' title='bbox 363 683 432 703; x_wconf 87' lang='lat' dir='ltr'>esse</span> <span class='ocrx_word' id='word_1_95' title='bbox 456 673 666 712; x_wconf 76' lang='lat' dir='ltr'>procreatam,</span> <span class='ocrx_word' id='word_1_96' title='bbox 691 672 726 701; x_wconf 84' lang='lat' dir='ltr'>nt</span> <span class='ocrx_word' id='word_1_97' title='bbox 750 670 800 709; x_wconf 84' lang='lat' dir='ltr'>&lt;V</span> <span class='ocrx_word' id='word_1_98' title='bbox 826 670 911 709; x_wconf 80' lang='lat'>801&gt;</span> <span class='ocrx_word' id='word_1_99' title='bbox 936 669 1031 700; x_wconf 89' lang='lat' dir='ltr'>unde</span> <span class='ocrx_word' id='word_1_100' title='bbox 1057 679 1174 710; x_wconf 81' lang='lat' dir='ltr'>genus</span> <span class='ocrx_word' id='word_1_101' title='bbox 1200 668 1316 699; x_wconf 79' lang='lat' dir='ltr'>ducis.</span> <span class='ocrx_word' id='word_1_102' title='bbox 1355 669 1433 699; x_wconf 84' lang='lat' dir='ltr'>haec</span> 
     </span>
     <span class='ocr_line' id='line_1_12' title="bbox 160 726 1070 766; baseline -0.004 -10"><span class='ocrx_word' id='word_1_103' title='bbox 160 728 268 756; x_wconf 88' lang='lat' dir='ltr'>autem</span> <span class='ocrx_word' id='word_1_104' title='bbox 291 726 325 756; x_wconf 89' lang='lat' dir='ltr'>in</span> <span class='ocrx_word' id='word_1_105' title='bbox 350 727 504 766; x_wconf 86' lang='lat' dir='ltr'>quantum</span> <span class='ocrx_word' id='word_1_106' title='bbox 529 726 646 765; x_wconf 83' lang='lat' dir='ltr'>potest,</span> <span class='ocrx_word' id='word_1_107' title='bbox 669 735 733 754; x_wconf 90' lang='lat' dir='ltr'>non</span> <span class='ocrx_word' id='word_1_108' title='bbox 758 734 893 763; x_wconf 88' lang='lat' dir='ltr'>semper,</span> <span class='ocrx_word' id='word_1_109' title='bbox 917 726 1070 753; x_wconf 80' lang='lat' dir='ltr'>reservat.</span> 
     </span>
    </p>

    <p class='ocr_par' dir='ltr' id='par_1_5' title="bbox 142 775 1437 1564">
     <span class='ocr_line' id='line_1_13' title="bbox 245 775 1433 816; baseline -0.003 -7"><span class='ocrx_word' id='word_1_110' title='bbox 245 779 296 810; x_wconf 75' lang='lat'>20.</span> <span class='ocrx_word' id='word_1_111' title='bbox 334 786 536 810; x_wconf 77' lang='lat' dir='ltr'>Avsricfflvs</span> <span class='ocrx_word' id='word_1_112' title='bbox 562 786 776 809; x_wconf 84' lang='lat' dir='ltr'><strong>COEPTORVM</strong></span> <span class='ocrx_word' id='word_1_113' title='bbox 801 784 942 807; x_wconf 72' lang='lat' dir='ltr'>ornnvn</span> <span class='ocrx_word' id='word_1_114' title='bbox 966 775 1050 816; x_wconf 82' lang='lat' dir='ltr'>Iovi,</span> <span class='ocrx_word' id='word_1_115' title='bbox 1079 775 1133 816; x_wconf 87' lang='lat' dir='ltr'>qui</span> <span class='ocrx_word' id='word_1_116' title='bbox 1163 775 1244 806; x_wconf 82' lang='lat' dir='ltr'>areis</span> <span class='ocrx_word' id='word_1_117' title='bbox 1270 775 1346 805; x_wconf 84' lang='lat' dir='ltr'>deus</span> <span class='ocrx_word' id='word_1_118' title='bbox 1372 777 1433 815; x_wconf 49' lang='grc' dir='ltr'>θείς</span> 
     </span>
     <span class='ocr_line' id='line_1_14' title="bbox 158 828 1435 873; baseline -0.004 -10"><span class='ocrx_word' id='word_1_119' title='bbox 158 832 305 872; x_wconf 84' lang='lat' dir='ltr'>Apollini</span> <span class='ocrx_word' id='word_1_120' title='bbox 334 833 465 873; x_wconf 82' lang='lat' dir='ltr'>propter</span> <span class='ocrx_word' id='word_1_121' title='bbox 494 831 642 871; x_wconf 79' lang='lat' dir='ltr'>auguria3</span> <span class='ocrx_word' id='word_1_122' title='bbox 672 830 787 861; x_wconf 89' lang='lat' dir='ltr'>Libero</span> <span class='ocrx_word' id='word_1_123' title='bbox 817 840 913 860; x_wconf 86' lang='lat' dir='ltr'>causa</span> <span class='ocrx_word' id='word_1_124' title='bbox 936 829 1109 860; x_wconf 69' lang='lat' dir='ltr'>libertatis.</span> <span class='ocrx_word' id='word_1_125' title='bbox 1156 840 1232 859; x_wconf 90' lang='lat' dir='ltr'>nam</span> <span class='ocrx_word' id='word_1_126' title='bbox 1256 829 1300 859; x_wconf 88' lang='lat' dir='ltr'>dii</span> <span class='ocrx_word' id='word_1_127' title='bbox 1325 828 1382 859; x_wconf 88' lang='lat' dir='ltr'>alii</span> <span class='ocrx_word' id='word_1_128' title='bbox 1407 828 1435 859; x_wconf 91' lang='lat' dir='ltr'>si</span> 
     </span>
     <span class='ocr_line' id='line_1_15' title="bbox 142 881 1434 925; baseline -0.003 -9"><span class='ocrx_word' id='word_1_129' title='bbox 142 885 346 916; x_wconf 73' lang='lat' dir='ltr'>‘invocentur</span> <span class='ocrx_word' id='word_1_130' title='bbox 371 885 411 916; x_wconf 89' lang='lat' dir='ltr'>ad</span> <span class='ocrx_word' id='word_1_131' title='bbox 436 885 596 925; x_wconf 85' lang='lat' dir='ltr'>privatam</span> <span class='ocrx_word' id='word_1_132' title='bbox 615 884 778 925; x_wconf 85' lang='lat' dir='ltr'>pertinent</span> <span class='ocrx_word' id='word_1_133' title='bbox 802 894 945 914; x_wconf 85' lang='lat' dir='ltr'>causam:</span> <span class='ocrx_word' id='word_1_134' title='bbox 975 882 1056 913; x_wconf 89' lang='lat' dir='ltr'>unde</span> <span class='ocrx_word' id='word_1_135' title='bbox 1082 882 1119 912; x_wconf 86' lang='lat' dir='ltr'>de</span> <span class='ocrx_word' id='word_1_136' title='bbox 1143 881 1270 913; x_wconf 86' lang='lat' dir='ltr'>Didone</span> <span class='ocrx_word' id='word_1_137' title='bbox 1295 881 1434 922; x_wconf 79' lang='lat' dir='ltr'>legimus</span> 
     </span>
     <span class='ocr_line' id='line_1_16' title="bbox 159 935 1435 979; baseline -0.004 -9"><span class='ocrx_word' id='word_1_138' title='bbox 159 938 227 979; x_wconf 85' lang='lat' dir='ltr'>&lt;IV</span> <span class='ocrx_word' id='word_1_139' title='bbox 261 938 323 979; x_wconf 82' lang='lat'>59&gt;</span> <span class='ocrx_word' id='word_1_140' title='bbox 374 938 515 969; x_wconf 89' lang='lat' dir='ltr'>Iunoni</span> <span class='ocrx_word' id='word_1_141' title='bbox 558 939 645 968; x_wconf 86' lang='lat' dir='ltr'>ante</span> <span class='ocrx_word' id='word_1_142' title='bbox 689 948 832 977; x_wconf 83' lang='lat' dir='ltr'>omnes,</span> <span class='ocrx_word' id='word_1_143' title='bbox 875 937 934 967; x_wconf 88' lang='lat' dir='ltr'>cui</span> <span class='ocrx_word' id='word_1_144' title='bbox 972 936 1100 967; x_wconf 83' lang='lat' dir='ltr'>vincla</span> <span class='ocrx_word' id='word_1_145' title='bbox 1137 935 1284 976; x_wconf 77' lang='lat' dir='ltr'>iugalia</span> <span class='ocrx_word' id='word_1_146' title='bbox 1322 946 1435 965; x_wconf 89' lang='lat' dir='ltr'>curae</span> 
     </span>
     <span class='ocr_line' id='line_1_17' title="bbox 156 988 1436 1032; baseline -0.004 -9"><span class='ocrx_word' id='word_1_147' title='bbox 156 994 289 1032; x_wconf 85' lang='lat' dir='ltr'>propter</span> <span class='ocrx_word' id='word_1_148' title='bbox 308 992 452 1032; x_wconf 78' lang='lat' dir='ltr'>nuptias:</span> <span class='ocrx_word' id='word_1_149' title='bbox 474 991 621 1032; x_wconf 84' lang='lat' dir='ltr'>quamvis</span> <span class='ocrx_word' id='word_1_150' title='bbox 642 991 726 1021; x_wconf 87' lang='lat' dir='ltr'>enim</span> <span class='ocrx_word' id='word_1_151' title='bbox 748 990 795 1020; x_wconf 87' lang='lat' dir='ltr'>rei</span> <span class='ocrx_word' id='word_1_152' title='bbox 814 990 961 1030; x_wconf 84' lang='lat' dir='ltr'>publicae</span> <span class='ocrx_word' id='word_1_153' title='bbox 980 989 1106 1020; x_wconf 82' lang='lat' dir='ltr'>utilitas</span> <span class='ocrx_word' id='word_1_154' title='bbox 1128 988 1345 1028; x_wconf 81' lang='lat' dir='ltr'>simul-aretur,</span> <span class='ocrx_word' id='word_1_155' title='bbox 1366 990 1436 1019; x_wconf 78' lang='lat' dir='ltr'>erat</span> 
     </span>
     <span class='ocr_line' id='line_1_18' title="bbox 157 1041 1434 1084; baseline -0.004 -8"><span class='ocrx_word' id='word_1_156' title='bbox 157 1047 267 1076; x_wconf 85' lang='lat' dir='ltr'>tamen</span> <span class='ocrx_word' id='word_1_157' title='bbox 291 1045 389 1075; x_wconf 85' lang='lat' dir='ltr'>etiam</span> <span class='ocrx_word' id='word_1_158' title='bbox 415 1043 564 1084; x_wconf 87' lang='lat' dir='ltr'>specialis</span> <span class='ocrx_word' id='word_1_159' title='bbox 589 1054 685 1074; x_wconf 87' lang='lat' dir='ltr'>causa</span> <span class='ocrx_word' id='word_1_160' title='bbox 705 1042 849 1074; x_wconf 79' lang='lat' dir='ltr'>Didonis.</span> <span class='ocrx_word' id='word_1_161' title='bbox 888 1042 1038 1073; x_wconf 84' lang='lat' dir='ltr'>similiter</span> <span class='ocrx_word' id='word_1_162' title='bbox 1063 1043 1095 1072; x_wconf 83' lang='lat' dir='ltr'>et</span> <span class='ocrx_word' id='word_1_163' title='bbox 1119 1041 1171 1072; x_wconf 90' lang='lat' dir='ltr'>hic</span> <span class='ocrx_word' id='word_1_164' title='bbox 1191 1041 1317 1072; x_wconf 81' lang='lat' dir='ltr'>Aeneas</span> <span class='ocrx_word' id='word_1_165' title='bbox 1339 1041 1434 1072; x_wconf 84' lang='lat' dir='ltr'>saeri-</span> 
     </span>
     <span class='ocr_line' id='line_1_19' title="bbox 157 1094 1435 1137; baseline -0.003 -9"><span class='ocrx_word' id='word_1_166' title='bbox 157 1098 231 1129; x_wconf 83' lang='lat' dir='ltr'>ficat</span> <span class='ocrx_word' id='word_1_167' title='bbox 254 1097 382 1128; x_wconf 85' lang='lat' dir='ltr'>Veneri.</span> <span class='ocrx_word' id='word_1_168' title='bbox 430 1097 513 1137; x_wconf 86' lang='lat' dir='ltr'>quod</span> <span class='ocrx_word' id='word_1_169' title='bbox 543 1099 651 1127; x_wconf 87' lang='lat' dir='ltr'>autem</span> <span class='ocrx_word' id='word_1_170' title='bbox 681 1096 718 1127; x_wconf 85' lang='lat' dir='ltr'>de</span> <span class='ocrx_word' id='word_1_171' title='bbox 742 1096 860 1127; x_wconf 87' lang='lat' dir='ltr'>Libero</span> <span class='ocrx_word' id='word_1_172' title='bbox 889 1095 1042 1131; x_wconf 77' lang='lat' dir='ltr'>diximus.</span> <span class='ocrx_word' id='word_1_173' title='bbox 1070 1094 1149 1125; x_wconf 88' lang='lat' dir='ltr'>haec</span> <span class='ocrx_word' id='word_1_174' title='bbox 1181 1105 1278 1125; x_wconf 87' lang='lat' dir='ltr'>causa</span> <span class='ocrx_word' id='word_1_175' title='bbox 1307 1096 1369 1134; x_wconf 82' lang='lat' dir='ltr'>est,</span> <span class='ocrx_word' id='word_1_176' title='bbox 1400 1097 1435 1125; x_wconf 88' lang='lat' dir='ltr'>ut</span> 
     </span>
     <span class='ocr_line' id='line_1_20' title="bbox 158 1147 1435 1192; baseline -0.002 -11"><span class='ocrx_word' id='word_1_177' title='bbox 158 1151 286 1192; x_wconf 81' lang='lat' dir='ltr'>signum</span> <span class='ocrx_word' id='word_1_178' title='bbox 317 1151 360 1181; x_wconf 81' lang='lat' dir='ltr'>sit</span> <span class='ocrx_word' id='word_1_179' title='bbox 390 1150 510 1181; x_wconf 82' lang='lat' dir='ltr'>liberae</span> <span class='ocrx_word' id='word_1_180' title='bbox 542 1150 696 1180; x_wconf 84' lang='lat' dir='ltr'>civitatis:</span> <span class='ocrx_word' id='word_1_181' title='bbox 730 1160 805 1180; x_wconf 89' lang='lat' dir='ltr'>nam</span> <span class='ocrx_word' id='word_1_182' title='bbox 838 1148 923 1189; x_wconf 88' lang='lat' dir='ltr'>apud</span> <span class='ocrx_word' id='word_1_183' title='bbox 952 1148 1090 1179; x_wconf 78' lang='lat' dir='ltr'>maiores</span> <span class='ocrx_word' id='word_1_184' title='bbox 1120 1150 1177 1178; x_wconf 89' lang='lat' dir='ltr'>aut</span> <span class='ocrx_word' id='word_1_185' title='bbox 1201 1147 1435 1188; x_wconf 76' lang='lat' dir='ltr'>&#39;stipendiariae</span> 
     </span>
     <span class='ocr_line' id='line_1_21' title="bbox 158 1201 1436 1244; baseline -0.003 -9"><span class='ocrx_word' id='word_1_186' title='bbox 158 1205 264 1243; x_wconf 83' lang='lat' dir='ltr'>erant,</span> <span class='ocrx_word' id='word_1_187' title='bbox 295 1206 350 1235; x_wconf 82' lang='lat' dir='ltr'>aut</span> <span class='ocrx_word' id='word_1_188' title='bbox 373 1204 570 1244; x_wconf 80' lang='lat' dir='ltr'>foederatae,</span> <span class='ocrx_word' id='word_1_189' title='bbox 599 1206 654 1234; x_wconf 85' lang='lat' dir='ltr'>aut</span> <span class='ocrx_word' id='word_1_190' title='bbox 678 1203 810 1234; x_wconf 86' lang='lat' dir='ltr'>liberae.</span> <span class='ocrx_word' id='word_1_191' title='bbox 858 1202 912 1233; x_wconf 86' lang='lat' dir='ltr'>sed</span> <span class='ocrx_word' id='word_1_192' title='bbox 937 1202 971 1232; x_wconf 91' lang='lat' dir='ltr'>in</span> <span class='ocrx_word' id='word_1_193' title='bbox 994 1202 1104 1232; x_wconf 86' lang='lat' dir='ltr'>liberis</span> <span class='ocrx_word' id='word_1_194' title='bbox 1130 1201 1316 1232; x_wconf 80' lang='lat' dir='ltr'>civitatibus</span> <span class='ocrx_word' id='word_1_195' title='bbox 1341 1202 1436 1232; x_wconf 88' lang='lat' dir='ltr'>simu-</span> 
     </span>
     <span class='ocr_line' id='line_1_22' title="bbox 157 1255 1436 1298; baseline -0.002 -10"><span class='ocrx_word' id='word_1_196' title='bbox 157 1258 279 1288; x_wconf 86' lang='lat' dir='ltr'>lacrum</span> <span class='ocrx_word' id='word_1_197' title='bbox 303 1257 455 1298; x_wconf 83' lang='lat' dir='ltr'>Marsyae</span> <span class='ocrx_word' id='word_1_198' title='bbox 479 1259 562 1298; x_wconf 80' lang='lat' dir='ltr'>erat,</span> <span class='ocrx_word' id='word_1_199' title='bbox 593 1257 647 1298; x_wconf 85' lang='lat' dir='ltr'>qui</span> <span class='ocrx_word' id='word_1_200' title='bbox 671 1256 705 1287; x_wconf 90' lang='lat' dir='ltr'>in</span> <span class='ocrx_word' id='word_1_201' title='bbox 729 1256 830 1287; x_wconf 85' lang='lat' dir='ltr'>tutela</span> <span class='ocrx_word' id='word_1_202' title='bbox 855 1255 963 1286; x_wconf 82' lang='lat' dir='ltr'>Liberi</span> <span class='ocrx_word' id='word_1_203' title='bbox 988 1255 1091 1296; x_wconf 88' lang='lat' dir='ltr'>patris</span> <span class='ocrx_word' id='word_1_204' title='bbox 1117 1257 1174 1285; x_wconf 83' lang='lat' dir='ltr'>est.</span> <span class='ocrx_word' id='word_1_205' title='bbox 1224 1255 1276 1286; x_wconf 77' lang='lat' dir='ltr'>sed</span> <span class='ocrx_word' id='word_1_206' title='bbox 1298 1256 1436 1295; x_wconf 68' lang='lat' dir='ltr'>auspicia</span> 
     </span>
     <span class='ocr_line' id='line_1_23' title="bbox 158 1309 1436 1350; baseline -0.002 -9"><span class='ocrx_word' id='word_1_207' title='bbox 158 1311 295 1342; x_wconf 74' lang='lat' dir='ltr'>omnium</span> <span class='ocrx_word' id='word_1_208' title='bbox 322 1321 425 1341; x_wconf 71' lang='lat' dir='ltr'>rerum</span> <span class='ocrx_word' id='word_1_209' title='bbox 452 1313 536 1347; x_wconf 70' lang='lat' dir='ltr'>sunt,</span> <span class='ocrx_word' id='word_1_210' title='bbox 565 1311 701 1350; x_wconf 63' lang='lat' dir='ltr'>auquria</span> <span class='ocrx_word' id='word_1_211' title='bbox 729 1312 896 1345; x_wconf 68' lang='lat' dir='ltr'>eertarum;</span> <span class='ocrx_word' id='word_1_212' title='bbox 930 1309 1088 1348; x_wconf 54' lang='lat' dir='ltr'>auspicari</span> <span class='ocrx_word' id='word_1_213' title='bbox 1117 1309 1198 1338; x_wconf 73' lang='lat' dir='ltr'>enim</span> <span class='ocrx_word' id='word_1_214' title='bbox 1226 1309 1322 1339; x_wconf 67' lang='lat' dir='ltr'>cnivis</span> <span class='ocrx_word' id='word_1_215' title='bbox 1344 1309 1436 1339; x_wconf 73' lang='lat' dir='ltr'>etiam</span> 
     </span>
     <span class='ocr_line' id='line_1_24' title="bbox 152 1361 1437 1405; baseline -0.003 -10"><span class='ocrx_word' id='word_1_216' title='bbox 152 1374 276 1404; x_wconf 41' lang='lat' dir='ltr'>pere-(ste</span> <span class='ocrx_word' id='word_1_217' title='bbox 306 1364 384 1405; x_wconf 76' lang='lat' dir='ltr'>licet,</span> <span class='ocrx_word' id='word_1_218' title='bbox 413 1365 580 1404; x_wconf 70' lang='lat' dir='ltr'>auymium</span> <span class='ocrx_word' id='word_1_219' title='bbox 607 1374 695 1403; x_wconf 63' lang='lat' dir='ltr'>agere</span> <span class='ocrx_word' id='word_1_220' title='bbox 722 1363 784 1394; x_wconf 72' lang='lat' dir='ltr'>nisi</span> <span class='ocrx_word' id='word_1_221' title='bbox 815 1363 846 1393; x_wconf 71' lang='lat' dir='ltr'>in</span> <span class='ocrx_word' id='word_1_222' title='bbox 869 1363 985 1402; x_wconf 68' lang='lat' dir='ltr'>patriis</span> <span class='ocrx_word' id='word_1_223' title='bbox 1008 1362 1127 1393; x_wconf 75' lang='lat' dir='ltr'>sedibus</span> <span class='ocrx_word' id='word_1_224' title='bbox 1155 1372 1216 1392; x_wconf 61' lang='lat' dir='ltr'>ozon</span> <span class='ocrx_word' id='word_1_225' title='bbox 1241 1361 1314 1392; x_wconf 69' lang='lat' dir='ltr'>lieet.</span> <span class='ocrx_word' id='word_1_226' title='bbox 1355 1362 1437 1401; x_wconf 73' lang='lat' dir='ltr'>peri-</span> 
     </span>
     <span class='ocr_line' id='line_1_25' title="bbox 159 1415 1435 1457; baseline -0.002 -9"><span class='ocrx_word' id='word_1_227' title='bbox 159 1417 274 1448; x_wconf 65' lang='lat' dir='ltr'>tissime</span> <span class='ocrx_word' id='word_1_228' title='bbox 296 1427 364 1457; x_wconf 73' lang='lat' dir='ltr'>eryo</span> <span class='ocrx_word' id='word_1_229' title='bbox 385 1417 536 1457; x_wconf 38' lang='lat' dir='ltr'>Ver-(silius</span> <span class='ocrx_word' id='word_1_230' title='bbox 558 1417 665 1447; x_wconf 70' lang='lat' dir='ltr'>veteris</span> <span class='ocrx_word' id='word_1_231' title='bbox 688 1416 914 1447; x_wconf 66' lang='lat' dir='ltr'>consuetudines</span> <span class='ocrx_word' id='word_1_232' title='bbox 937 1416 1077 1446; x_wconf 72' lang='lat' dir='ltr'>meminit</span> <span class='ocrx_word' id='word_1_233' title='bbox 1099 1425 1168 1445; x_wconf 77' lang='lat' dir='ltr'>cum</span> <span class='ocrx_word' id='word_1_234' title='bbox 1190 1415 1267 1453; x_wconf 74' lang='lat' dir='ltr'>facit</span> <span class='ocrx_word' id='word_1_235' title='bbox 1290 1415 1435 1455; x_wconf 74' lang='lat' dir='ltr'>Aeneam,</span> 
     </span>
     <span class='ocr_line' id='line_1_26' title="bbox 160 1467 1436 1513; baseline -0.002 -11"><span class='ocrx_word' id='word_1_236' title='bbox 160 1471 234 1510; x_wconf 67' lang='lat' dir='ltr'>quia</span> <span class='ocrx_word' id='word_1_237' title='bbox 256 1481 392 1511; x_wconf 64' lang='lat' dir='ltr'>pereme,</span> <span class='ocrx_word' id='word_1_238' title='bbox 422 1471 456 1513; x_wconf 55' lang='grc' dir='ltr'>ἰ’(ἷ</span> <span class='ocrx_word' id='word_1_239' title='bbox 478 1473 521 1501; x_wconf 71' lang='lat' dir='ltr'>est</span> <span class='ocrx_word' id='word_1_240' title='bbox 544 1471 576 1501; x_wconf 79' lang='lat' dir='ltr'>in</span> <span class='ocrx_word' id='word_1_241' title='bbox 602 1469 740 1500; x_wconf 72' lang='lat' dir='ltr'>Thracia</span> <span class='ocrx_word' id='word_1_242' title='bbox 763 1470 839 1509; x_wconf 69' lang='lat' dir='ltr'>ayit,</span> <span class='ocrx_word' id='word_1_243' title='bbox 867 1470 1089 1509; x_wconf 68' lang='lat' dir='ltr'>auspicantem,</span> <span class='ocrx_word' id='word_1_244' title='bbox 1120 1469 1154 1499; x_wconf 80' lang='lat' dir='ltr'>id</span> <span class='ocrx_word' id='word_1_245' title='bbox 1181 1471 1223 1499; x_wconf 74' lang='lat' dir='ltr'>cst</span> <span class='ocrx_word' id='word_1_246' title='bbox 1247 1467 1436 1508; x_wconf 65' lang='lat' dir='ltr'>‘auspicibus</span> 
     </span>
     <span class='ocr_line' id='line_1_27' title="bbox 159 1523 496 1564; baseline -0.003 -9"><span class='ocrx_word' id='word_1_247' title='bbox 159 1527 329 1564; x_wconf 72' lang='lat' dir='ltr'>coeptormn</span> <span class='ocrx_word' id='word_1_248' title='bbox 352 1523 496 1564; x_wconf 75' lang='lat' dir='ltr'>opermn’.</span> 
     </span>
    </p>
   </div>
   <div class='ocr_carea' id='block_1_3' title="bbox 163 1619 1435 1690">
    <p class='ocr_par' dir='ltr' id='par_1_6' title="bbox 163 1619 1435 1690">
     <span class='ocr_line' id='line_1_28' title="bbox 232 1619 1435 1654; baseline -0.002 -8"><span class='ocrx_word' id='word_1_249' title='bbox 232 1623 245 1647; x_wconf 82' lang='lat'><strong>7</strong></span> <span class='ocrx_word' id='word_1_250' title='bbox 267 1620 417 1647; x_wconf 87' lang='lat' dir='ltr'>secundum</span> <span class='ocrx_word' id='word_1_251' title='bbox 436 1620 599 1654; x_wconf 83' lang='lat' dir='ltr'>Homerum]</span> <span class='ocrx_word' id='word_1_252' title='bbox 620 1620 651 1646; x_wconf 92' lang='lat' dir='ltr'>ll.</span> <span class='ocrx_word' id='word_1_253' title='bbox 673 1620 696 1645; x_wconf 83' lang='lat' dir='ltr'>V</span> <span class='ocrx_word' id='word_1_254' title='bbox 716 1623 767 1645; x_wconf 73' lang='lat'>370</span> <span class='ocrx_word' id='word_1_255' title='bbox 792 1620 800 1652; x_wconf 94' lang='grc'>11</span> <span class='ocrx_word' id='word_1_256' title='bbox 826 1622 857 1645; x_wconf 83' lang='grc'>18</span> <span class='ocrx_word' id='word_1_257' title='bbox 878 1619 952 1652; x_wconf 80' lang='lat' dir='ltr'>quod</span> <span class='ocrx_word' id='word_1_258' title='bbox 973 1620 1066 1645; x_wconf 85' lang='lat' dir='ltr'>autem</span> <span class='ocrx_word' id='word_1_259' title='bbox 1086 1641 1091 1645; x_wconf 97' lang='lat'>.</span> <span class='ocrx_word' id='word_1_260' title='bbox 1115 1640 1119 1644; x_wconf 97' lang='lat'>.</span> <span class='ocrx_word' id='word_1_261' title='bbox 1142 1639 1146 1644; x_wconf 93' lang='lat'>.</span> <span class='ocrx_word' id='word_1_262' title='bbox 1167 1619 1255 1652; x_wconf 84' lang='lat' dir='ltr'>patris</span> <span class='ocrx_word' id='word_1_263' title='bbox 1275 1619 1328 1653; x_wconf 81' lang='lat' dir='ltr'>est]</span> <span class='ocrx_word' id='word_1_264' title='bbox 1351 1627 1435 1645; x_wconf 83' lang='lat' dir='ltr'>exscr.</span> 
     </span>
     <span class='ocr_line' id='line_1_29' title="bbox 163 1656 455 1690; baseline -0.003 -8"><span class='ocrx_word' id='word_1_265' title='bbox 163 1657 301 1690; x_wconf 78' lang='lat' dir='ltr'>mythogr.</span> <span class='ocrx_word' id='word_1_266' title='bbox 322 1656 360 1682; x_wconf 91' lang='grc' dir='ltr'>ΙΙΙ</span> <span class='ocrx_word' id='word_1_267' title='bbox 381 1659 421 1688; x_wconf 81' lang='grc'>12,</span> <span class='ocrx_word' id='word_1_268' title='bbox 444 1660 455 1681; x_wconf 92' lang='grc'>1</span> 
     </span>
    </p>
   </div>
   <div class='ocr_carea' id='block_1_4' title="bbox 162 1713 246 1715">
    <p class='ocr_par' dir='ltr' id='par_1_7' title="bbox 162 1713 246 1715">
     <span class='ocr_line' id='line_1_30' title="bbox 162 1713 246 1715; baseline 0 0"><span class='ocrx_word' id='word_1_269' title='bbox 162 1713 246 1715; x_wconf 95' lang='lat' dir='ltr'> </span> 
     </span>
    </p>
   </div>
   <div class='ocr_carea' id='block_1_5' title="bbox 250 1713 372 1715">
    <p class='ocr_par' dir='ltr' id='par_1_8' title="bbox 250 1713 372 1715">
     <span class='ocr_line' id='line_1_31' title="bbox 250 1713 372 1715; baseline 0 0"><span class='ocrx_word' id='word_1_270' title='bbox 250 1713 372 1715; x_wconf 95' lang='lat' dir='ltr'> </span> 
     </span>
    </p>
   </div>
   <div class='ocr_carea' id='block_1_6' title="bbox 162 1734 1442 1982">
    <p class='ocr_par' dir='ltr' id='par_1_9' title="bbox 162 1734 1442 1982">
     <span class='ocr_line' id='line_1_32' title="bbox 237 1734 1438 1769; baseline -0.002 -8"><span class='ocrx_word' id='word_1_271' title='bbox 237 1740 249 1761; x_wconf 93' lang='grc'>1</span> <span class='ocrx_word' id='word_1_272' title='bbox 272 1736 374 1761; x_wconf 80' lang='lat' dir='ltr'>auxilia</span> <span class='ocrx_word' id='word_1_273' title='bbox 393 1736 456 1762; x_wconf 87' lang='lat' dir='ltr'>inde</span> <span class='ocrx_word' id='word_1_274' title='bbox 477 1735 552 1762; x_wconf 80' lang='lat' dir='ltr'>dicat</span> <span class='ocrx_word' id='word_1_275' title='bbox 573 1736 608 1762; x_wconf 83' lang='lat' dir='ltr'>M</span> <span class='ocrx_word' id='word_1_276' title='bbox 631 1737 639 1769; x_wconf 96' lang='grc'>11</span> <span class='ocrx_word' id='word_1_277' title='bbox 663 1739 678 1761; x_wconf 77' lang='grc'>2</span> <span class='ocrx_word' id='word_1_278' title='bbox 698 1735 860 1762; x_wconf 80' lang='lat' dir='ltr'>callimacus</span> <span class='ocrx_word' id='word_1_279' title='bbox 879 1735 942 1760; x_wconf 85' lang='lat' dir='ltr'>LH</span> <span class='ocrx_word' id='word_1_280' title='bbox 969 1734 1169 1760; x_wconf 81' lang='lat' dir='ltr'>challimachus</span> <span class='ocrx_word' id='word_1_281' title='bbox 1191 1735 1227 1759; x_wconf 84' lang='lat' dir='ltr'>M</span> <span class='ocrx_word' id='word_1_282' title='bbox 1244 1735 1253 1767; x_wconf 97' lang='grc'>11</span> <span class='ocrx_word' id='word_1_283' title='bbox 1281 1734 1365 1760; x_wconf 78' lang='lat' dir='ltr'>etiam</span> <span class='ocrx_word' id='word_1_284' title='bbox 1385 1735 1438 1760; x_wconf 87' lang='lat' dir='ltr'>hoc</span> 
     </span>
     <span class='ocr_line' id='line_1_33' title="bbox 168 1770 1437 1806; baseline -0.002 -9"><span class='ocrx_word' id='word_1_285' title='bbox 168 1771 264 1797; x_wconf 86' lang='lat' dir='ltr'>dicunt</span> <span class='ocrx_word' id='word_1_286' title='bbox 284 1772 319 1797; x_wconf 83' lang='lat' dir='ltr'>M</span> <span class='ocrx_word' id='word_1_287' title='bbox 337 1773 345 1805; x_wconf 94' lang='grc'>11</span> <span class='ocrx_word' id='word_1_288' title='bbox 365 1774 380 1797; x_wconf 83' lang='lat'>5</span> <span class='ocrx_word' id='word_1_289' title='bbox 399 1772 461 1806; x_wconf 84' lang='lat' dir='ltr'>nec]</span> <span class='ocrx_word' id='word_1_290' title='bbox 483 1780 554 1797; x_wconf 86' lang='lat' dir='ltr'>nunc</span> <span class='ocrx_word' id='word_1_291' title='bbox 574 1772 602 1797; x_wconf 90' lang='lat' dir='ltr'><strong><em>F</em></strong></span> <span class='ocrx_word' id='word_1_292' title='bbox 615 1773 624 1805; x_wconf 93' lang='grc'>11</span> <span class='ocrx_word' id='word_1_293' title='bbox 643 1775 657 1797; x_wconf 80' lang='grc'><strong>6</strong></span> <span class='ocrx_word' id='word_1_294' title='bbox 678 1772 868 1797; x_wconf 72' lang='lat' dir='ltr'>accusativum</span> <span class='ocrx_word' id='word_1_295' title='bbox 887 1770 1003 1796; x_wconf 70' lang='lat' dir='ltr'>Daniel:</span> <span class='ocrx_word' id='word_1_296' title='bbox 1023 1770 1198 1796; x_wconf 79' lang='lat' dir='ltr'>accusatiuus</span> <span class='ocrx_word' id='word_1_297' title='bbox 1218 1770 1268 1803; x_wconf 79' lang='lat' dir='ltr'>Fu</span> <span class='ocrx_word' id='word_1_298' title='bbox 1287 1770 1437 1796; x_wconf 80' lang='lat' dir='ltr'>sorinatum</span> 
     </span>
     <span class='ocr_line' id='line_1_34' title="bbox 167 1805 1437 1840; baseline -0.001 -8"><span class='ocrx_word' id='word_1_299' title='bbox 167 1807 196 1832; x_wconf 84' lang='lat' dir='ltr'><em>F</em></span> <span class='ocrx_word' id='word_1_300' title='bbox 224 1807 378 1833; x_wconf 80' lang='lat' dir='ltr'>derivatum</span> <span class='ocrx_word' id='word_1_301' title='bbox 398 1807 501 1833; x_wconf 66' lang='lat' dir='ltr'>Daniel</span> <span class='ocrx_word' id='word_1_302' title='bbox 515 1808 524 1840; x_wconf 96' lang='grc'>11</span> <span class='ocrx_word' id='word_1_303' title='bbox 539 1811 552 1833; x_wconf 83' lang='grc'><strong>7</strong></span> <span class='ocrx_word' id='word_1_304' title='bbox 573 1817 671 1832; x_wconf 56' lang='lat' dir='ltr'>momen</span> <span class='ocrx_word' id='word_1_305' title='bbox 692 1807 721 1832; x_wconf 98' lang='lat' dir='ltr'><em>F</em></span> <span class='ocrx_word' id='word_1_306' title='bbox 748 1816 861 1832; x_wconf 60' lang='lat' dir='ltr'>mmmm:</span> <span class='ocrx_word' id='word_1_307' title='bbox 881 1806 906 1832; x_wconf 88' lang='lat' dir='ltr'><em>L</em></span> <span class='ocrx_word' id='word_1_308' title='bbox 935 1816 1048 1831; x_wconf 66' lang='lat' dir='ltr'>mosim-2</span> <span class='ocrx_word' id='word_1_309' title='bbox 1068 1806 1100 1830; x_wconf 87' lang='lat' dir='ltr'><em>H</em></span> <span class='ocrx_word' id='word_1_310' title='bbox 1125 1814 1247 1831; x_wconf 70' lang='lat' dir='ltr'>DYONEAE</span> <span class='ocrx_word' id='word_1_311' title='bbox 1265 1806 1300 1831; x_wconf 83' lang='lat' dir='ltr'>M</span> <span class='ocrx_word' id='word_1_312' title='bbox 1313 1806 1321 1838; x_wconf 94' lang='grc'>11</span> <span class='ocrx_word' id='word_1_313' title='bbox 1336 1805 1437 1831; x_wconf 75' lang='lat' dir='ltr'>Veneri</span> 
     </span>
     <span class='ocr_line' id='line_1_35' title="bbox 166 1841 1436 1877; baseline -0.002 -9"><span class='ocrx_word' id='word_1_314' title='bbox 166 1843 194 1877; x_wconf 84' lang='lat' dir='ltr'>a]</span> <span class='ocrx_word' id='word_1_315' title='bbox 215 1851 287 1868; x_wconf 85' lang='lat' dir='ltr'>uena</span> <span class='ocrx_word' id='word_1_316' title='bbox 306 1842 335 1867; x_wconf 88' lang='lat' dir='ltr'><em>F</em></span> <span class='ocrx_word' id='word_1_317' title='bbox 351 1843 361 1875; x_wconf 92' lang='grc'>11</span> <span class='ocrx_word' id='word_1_318' title='bbox 381 1842 463 1868; x_wconf 88' lang='lat' dir='ltr'>diana</span> <span class='ocrx_word' id='word_1_319' title='bbox 482 1843 511 1868; x_wconf 90' lang='grc' dir='ltr'>Η</span> <span class='ocrx_word' id='word_1_320' title='bbox 540 1843 630 1876; x_wconf 71' lang='lat' dir='ltr'>dyona</span> <span class='ocrx_word' id='word_1_321' title='bbox 651 1843 687 1868; x_wconf 82' lang='lat' dir='ltr'><em>M</em></span> <span class='ocrx_word' id='word_1_322' title='bbox 699 1844 708 1875; x_wconf 94' lang='grc'>11</span> <span class='ocrx_word' id='word_1_323' title='bbox 727 1842 877 1868; x_wconf 74' lang='lat' dir='ltr'>secundum</span> <span class='ocrx_word' id='word_1_324' title='bbox 898 1863 903 1867; x_wconf 93' lang='lat'>.</span> <span class='ocrx_word' id='word_1_325' title='bbox 925 1863 929 1867; x_wconf 91' lang='lat'>.</span> <span class='ocrx_word' id='word_1_326' title='bbox 951 1863 956 1867; x_wconf 97' lang='lat'>.</span> <span class='ocrx_word' id='word_1_327' title='bbox 977 1842 1100 1867; x_wconf 82' lang='lat' dir='ltr'>reservat</span> <span class='ocrx_word' id='word_1_328' title='bbox 1119 1849 1168 1866; x_wconf 81' lang='lat'><em>0111.</em></span> <span class='ocrx_word' id='word_1_329' title='bbox 1189 1841 1218 1866; x_wconf 83' lang='lat' dir='ltr'><em>F</em></span> <span class='ocrx_word' id='word_1_330' title='bbox 1231 1843 1238 1873; x_wconf 97' lang='grc'>11</span> <span class='ocrx_word' id='word_1_331' title='bbox 1260 1844 1274 1866; x_wconf 84' lang='lat' dir='ltr'>S</span> <span class='ocrx_word' id='word_1_332' title='bbox 1296 1849 1356 1866; x_wconf 80' lang='lat' dir='ltr'>cun]</span> <span class='ocrx_word' id='word_1_333' title='bbox 1379 1863 1383 1867; x_wconf 93' lang='lat'>.</span> <span class='ocrx_word' id='word_1_334' title='bbox 1406 1862 1410 1866; x_wconf 94' lang='lat'>.</span> <span class='ocrx_word' id='word_1_335' title='bbox 1432 1861 1436 1865; x_wconf 95' lang='lat'>.</span> 
     </span>
     <span class='ocr_line' id='line_1_36' title="bbox 163 1876 1442 1911; baseline -0.002 -7"><span class='ocrx_word' id='word_1_336' title='bbox 163 1877 317 1911; x_wconf 83' lang='lat' dir='ltr'>subiungit]</span> <span class='ocrx_word' id='word_1_337' title='bbox 335 1878 357 1903; x_wconf 90' lang='lat' dir='ltr'>si</span> <span class='ocrx_word' id='word_1_338' title='bbox 373 1880 523 1910; x_wconf 80' lang='lat' dir='ltr'>sequantur</span> <span class='ocrx_word' id='word_1_339' title='bbox 538 1879 655 1904; x_wconf 64' lang='lat' dir='ltr'>aduersa</span> <span class='ocrx_word' id='word_1_340' title='bbox 669 1879 712 1903; x_wconf 78' lang='grc' dir='ltr'>ΕΙ</span> <span class='ocrx_word' id='word_1_341' title='bbox 726 1880 734 1910; x_wconf 93' lang='grc'>11</span> <span class='ocrx_word' id='word_1_342' title='bbox 749 1877 893 1910; x_wconf 70' lang='lat' dir='ltr'>subiungit</span> <span class='ocrx_word' id='word_1_343' title='bbox 907 1877 1117 1910; x_wconf 56' lang='lat' dir='ltr'>nauigationem</span> <span class='ocrx_word' id='word_1_344' title='bbox 1134 1877 1170 1902; x_wconf 81' lang='lat' dir='ltr'>M</span> <span class='ocrx_word' id='word_1_345' title='bbox 1183 1878 1191 1909; x_wconf 94' lang='grc'>11</span> <span class='ocrx_word' id='word_1_346' title='bbox 1207 1880 1220 1902; x_wconf 78' lang='grc'><strong>9</strong></span> <span class='ocrx_word' id='word_1_347' title='bbox 1238 1877 1366 1907; x_wconf 80' lang='lat' dir='ltr'>dioneam</span> <span class='ocrx_word' id='word_1_348' title='bbox 1378 1876 1442 1902; x_wconf 89' lang='lat' dir='ltr'>LH</span> 
     </span>
     <span class='ocr_line' id='line_1_37' title="bbox 163 1912 1436 1947; baseline -0.002 -8"><span class='ocrx_word' id='word_1_349' title='bbox 163 1913 299 1946; x_wconf 81' lang='lat' dir='ltr'>dyoneam</span> <span class='ocrx_word' id='word_1_350' title='bbox 316 1913 351 1938; x_wconf 84' lang='lat' dir='ltr'>M</span> <span class='ocrx_word' id='word_1_351' title='bbox 365 1914 374 1946; x_wconf 94' lang='grc'>11</span> <span class='ocrx_word' id='word_1_352' title='bbox 389 1913 463 1939; x_wconf 81' lang='lat' dir='ltr'>dieat</span> <span class='ocrx_word' id='word_1_353' title='bbox 482 1922 531 1938; x_wconf 84' lang='lat' dir='ltr'>om.</span> <span class='ocrx_word' id='word_1_354' title='bbox 545 1914 616 1938; x_wconf 80' lang='lat' dir='ltr'>ME</span> <span class='ocrx_word' id='word_1_355' title='bbox 629 1914 638 1946; x_wconf 94' lang='grc'>11</span> <span class='ocrx_word' id='word_1_356' title='bbox 652 1913 726 1947; x_wconf 80' lang='lat' dir='ltr'>loco]</span> <span class='ocrx_word' id='word_1_357' title='bbox 748 1914 816 1939; x_wconf 77' lang='lat' dir='ltr'>dicit</span> <span class='ocrx_word' id='word_1_358' title='bbox 836 1914 898 1939; x_wconf 64' lang='lat' dir='ltr'>adal.</span> <span class='ocrx_word' id='word_1_359' title='bbox 912 1913 981 1938; x_wconf 74' lang='lat' dir='ltr'>ME</span> <span class='ocrx_word' id='word_1_360' title='bbox 995 1914 1003 1945; x_wconf 93' lang='grc'>11</span> <span class='ocrx_word' id='word_1_361' title='bbox 1018 1912 1052 1946; x_wconf 86' lang='lat' dir='ltr'>si]</span> <span class='ocrx_word' id='word_1_362' title='bbox 1075 1921 1136 1938; x_wconf 85' lang='lat' dir='ltr'>cum</span> <span class='ocrx_word' id='word_1_363' title='bbox 1149 1913 1184 1937; x_wconf 82' lang='lat' dir='ltr'><em>M</em></span> <span class='ocrx_word' id='word_1_364' title='bbox 1198 1913 1206 1945; x_wconf 95' lang='grc'>11</span> <span class='ocrx_word' id='word_1_365' title='bbox 1222 1912 1244 1937; x_wconf 77' lang='lat' dir='ltr'>si</span> <span class='ocrx_word' id='word_1_366' title='bbox 1264 1912 1436 1945; x_wconf 83' lang='lat' dir='ltr'>prosperam]</span> 
     </span>
     <span class='ocr_line' id='line_1_38' title="bbox 162 1947 1437 1982; baseline -0.001 -8"><span class='ocrx_word' id='word_1_367' title='bbox 162 1950 184 1974; x_wconf 87' lang='lat' dir='ltr'>si</span> <span class='ocrx_word' id='word_1_368' title='bbox 205 1957 336 1982; x_wconf 76' lang='lat' dir='ltr'>prospera</span> <span class='ocrx_word' id='word_1_369' title='bbox 356 1948 409 1974; x_wconf 81' lang='lat' dir='ltr'>erit</span> <span class='ocrx_word' id='word_1_370' title='bbox 426 1948 571 1982; x_wconf 81' lang='lat' dir='ltr'>nauigatio</span> <span class='ocrx_word' id='word_1_371' title='bbox 591 1949 620 1974; x_wconf 86' lang='lat' dir='ltr'><em>E</em></span> <span class='ocrx_word' id='word_1_372' title='bbox 633 1950 642 1982; x_wconf 93' lang='grc'>11</span> <span class='ocrx_word' id='word_1_373' title='bbox 663 1952 694 1975; x_wconf 94' lang='grc'>10</span> <span class='ocrx_word' id='word_1_374' title='bbox 715 1949 790 1975; x_wconf 85' lang='lat' dir='ltr'>dicat</span> <span class='ocrx_word' id='word_1_375' title='bbox 810 1957 871 1974; x_wconf 83' lang='lat' dir='ltr'>eam</span> <span class='ocrx_word' id='word_1_376' title='bbox 892 1949 926 1974; x_wconf 80' lang='lat' dir='ltr'>M</span> <span class='ocrx_word' id='word_1_377' title='bbox 941 1949 950 1981; x_wconf 96' lang='grc'>11</span> <span class='ocrx_word' id='word_1_378' title='bbox 969 1947 1046 1974; x_wconf 85' lang='lat' dir='ltr'>ducit</span> <span class='ocrx_word' id='word_1_379' title='bbox 1065 1948 1089 1973; x_wconf 92' lang='lat' dir='ltr'><em>L</em></span> <span class='ocrx_word' id='word_1_380' title='bbox 1118 1948 1186 1973; x_wconf 84' lang='lat' dir='ltr'>dicis</span> <span class='ocrx_word' id='word_1_381' title='bbox 1207 1948 1238 1973; x_wconf 89' lang='lat' dir='ltr'><em>H</em></span> <span class='ocrx_word' id='word_1_382' title='bbox 1250 1949 1259 1980; x_wconf 96' lang='grc'>11</span> <span class='ocrx_word' id='word_1_383' title='bbox 1281 1951 1310 1973; x_wconf 94' lang='grc'>11</span> <span class='ocrx_word' id='word_1_384' title='bbox 1333 1947 1437 1981; x_wconf 75' lang='lat' dir='ltr'>potest]</span> 
     </span>
    </p>
   </div>
   <div class='ocr_carea' id='block_1_7' title="bbox 162 1984 1440 2027">
    <p class='ocr_par' dir='ltr' id='par_1_10' title="bbox 162 1984 1440 2027">
     <span class='ocr_line' id='line_1_39' title="bbox 162 1984 1440 2027; baseline -0.001 -9"><span class='ocrx_word' id='word_1_385' title='bbox 162 1984 301 2027; x_wconf 59' lang='grc' dir='ltr'><em>ΡοξῖΗΗ</em></span> <span class='ocrx_word' id='word_1_386' title='bbox 316 2001 369 2018; x_wconf 86' lang='grc'><strong>11011</strong></span> <span class='ocrx_word' id='word_1_387' title='bbox 389 2001 497 2026; x_wconf 84' lang='lat' dir='ltr'>semper</span> <span class='ocrx_word' id='word_1_388' title='bbox 518 1993 685 2018; x_wconf 65' lang='lat' dir='ltr'>Masm&#39;etus:</span> <span class='ocrx_word' id='word_1_389' title='bbox 705 2001 754 2018; x_wconf 88' lang='lat' dir='ltr'>nos</span> <span class='ocrx_word' id='word_1_390' title='bbox 774 2001 882 2026; x_wconf 88' lang='lat' dir='ltr'>semper</span> <span class='ocrx_word' id='word_1_391' title='bbox 902 1993 933 2018; x_wconf 90' lang='lat' dir='ltr'><em>H</em></span> <span class='ocrx_word' id='word_1_392' title='bbox 956 1992 1097 2018; x_wconf 77' lang='lat' dir='ltr'>Lcidensis</span> <span class='ocrx_word' id='word_1_393' title='bbox 1116 1995 1139 2017; x_wconf 76' lang='lat' dir='ltr'>et</span> <span class='ocrx_word' id='word_1_394' title='bbox 1158 1992 1261 2025; x_wconf 74' lang='lat' dir='ltr'>Reyius</span> <span class='ocrx_word' id='word_1_395' title='bbox 1279 1992 1440 2017; x_wconf 64' lang='lat' dir='ltr'>Burmanni</span> 
     </span>
    </p>
   </div>
   <div class='ocr_carea' id='block_1_8' title="bbox 163 2045 1439 2221">
    <p class='ocr_par' dir='ltr' id='par_1_11' title="bbox 163 2045 1439 2221">
     <span class='ocr_line' id='line_1_40' title="bbox 163 2045 1439 2079; baseline -0.002 -7"><span class='ocrx_word' id='word_1_396' title='bbox 163 2047 245 2079; x_wconf 72' lang='lat' dir='ltr'>(inter</span> <span class='ocrx_word' id='word_1_397' title='bbox 268 2049 338 2079; x_wconf 84' lang='lat' dir='ltr'>potr.</span> <span class='ocrx_word' id='word_1_398' title='bbox 365 2048 389 2071; x_wconf 76' lang='lat' dir='ltr'>ct</span> <span class='ocrx_word' id='word_1_399' title='bbox 415 2054 464 2071; x_wconf 86' lang='lat' dir='ltr'>nos</span> <span class='ocrx_word' id='word_1_400' title='bbox 488 2046 571 2071; x_wconf 78' lang='lat' dir='ltr'>trium</span> <span class='ocrx_word' id='word_1_401' title='bbox 596 2046 747 2071; x_wconf 69' lang='lat' dir='ltr'>litterarium</span> <span class='ocrx_word' id='word_1_402' title='bbox 770 2047 890 2079; x_wconf 73' lang='lat' dir='ltr'>spatium</span> <span class='ocrx_word' id='word_1_403' title='bbox 915 2047 945 2071; x_wconf 69' lang='lat' dir='ltr'>in</span> <span class='ocrx_word' id='word_1_404' title='bbox 964 2046 1020 2078; x_wconf 83' lang='lat' dir='ltr'>H),</span> <span class='ocrx_word' id='word_1_405' title='bbox 1047 2054 1103 2071; x_wconf 86' lang='lat' dir='ltr'>non</span> <span class='ocrx_word' id='word_1_406' title='bbox 1121 2054 1171 2071; x_wconf 86' lang='lat' dir='ltr'>om.</span> <span class='ocrx_word' id='word_1_407' title='bbox 1191 2045 1230 2077; x_wconf 84' lang='lat' dir='ltr'>L,</span> <span class='ocrx_word' id='word_1_408' title='bbox 1257 2054 1311 2071; x_wconf 87' lang='lat' dir='ltr'>non</span> <span class='ocrx_word' id='word_1_409' title='bbox 1332 2053 1439 2077; x_wconf 76' lang='lat' dir='ltr'>semper</span> 
     </span>
     <span class='ocr_line' id='line_1_41' title="bbox 164 2081 1438 2114; baseline -0.002 -7"><span class='ocrx_word' id='word_1_410' title='bbox 164 2090 213 2108; x_wconf 82' lang='lat' dir='ltr'>om.</span> <span class='ocrx_word' id='word_1_411' title='bbox 229 2081 307 2114; x_wconf 84' lang='lat' dir='ltr'>ME,</span> <span class='ocrx_word' id='word_1_412' title='bbox 327 2081 489 2114; x_wconf 65' lang='lat' dir='ltr'>Stephanus,</span> <span class='ocrx_word' id='word_1_413' title='bbox 511 2081 612 2106; x_wconf 74' lang='lat' dir='ltr'>Daniel</span> <span class='ocrx_word' id='word_1_414' title='bbox 632 2081 679 2107; x_wconf 85' lang='lat' dir='ltr'>sed</span> <span class='ocrx_word' id='word_1_415' title='bbox 698 2090 752 2107; x_wconf 89' lang='lat' dir='ltr'>non</span> <span class='ocrx_word' id='word_1_416' title='bbox 773 2090 881 2114; x_wconf 88' lang='lat' dir='ltr'>semper</span> <span class='ocrx_word' id='word_1_417' title='bbox 895 2081 1054 2108; x_wconf 67' lang='lat' dir='ltr'>Fabricius.</span> <span class='ocrx_word' id='word_1_418' title='bbox 1073 2082 1187 2113; x_wconf 79' lang='lat' dir='ltr'>fortasse</span> <span class='ocrx_word' id='word_1_419' title='bbox 1203 2083 1276 2107; x_wconf 73' lang='lat' dir='ltr'>recte.</span> <span class='ocrx_word' id='word_1_420' title='bbox 1292 2082 1300 2113; x_wconf 95' lang='grc'>11</span> <span class='ocrx_word' id='word_1_421' title='bbox 1317 2083 1348 2105; x_wconf 69' lang='grc'>12</span> <span class='ocrx_word' id='word_1_422' title='bbox 1364 2090 1438 2105; x_wconf 68' lang='lat' dir='ltr'>conr-</span> 
     </span>
     <span class='ocr_line' id='line_1_42' title="bbox 164 2116 1438 2150; baseline -0.002 -7"><span class='ocrx_word' id='word_1_423' title='bbox 164 2127 253 2143; x_wconf 70' lang='lat' dir='ltr'>&#39;ronvm</span> <span class='ocrx_word' id='word_1_424' title='bbox 273 2127 375 2142; x_wconf 71' lang='lat' dir='ltr'>ovmwn</span> <span class='ocrx_word' id='word_1_425' title='bbox 395 2125 443 2142; x_wconf 87' lang='lat' dir='ltr'>om.</span> <span class='ocrx_word' id='word_1_426' title='bbox 465 2116 494 2141; x_wconf 83' lang='lat' dir='ltr'><em>F</em></span> <span class='ocrx_word' id='word_1_427' title='bbox 506 2117 515 2149; x_wconf 94' lang='grc'>11</span> <span class='ocrx_word' id='word_1_428' title='bbox 534 2116 581 2149; x_wconf 85' lang='lat' dir='ltr'>qui</span> <span class='ocrx_word' id='word_1_429' title='bbox 599 2116 681 2150; x_wconf 78' lang='lat' dir='ltr'>arcis]</span> <span class='ocrx_word' id='word_1_430' title='bbox 702 2117 807 2149; x_wconf 83' lang='lat' dir='ltr'>quartis</span> <span class='ocrx_word' id='word_1_431' title='bbox 826 2117 855 2142; x_wconf 83' lang='lat' dir='ltr'><em>F</em></span> <span class='ocrx_word' id='word_1_432' title='bbox 874 2118 883 2149; x_wconf 90' lang='grc'>11</span> <span class='ocrx_word' id='word_1_433' title='bbox 909 2120 939 2142; x_wconf 85' lang='grc'>13</span> <span class='ocrx_word' id='word_1_434' title='bbox 960 2116 1084 2150; x_wconf 84' lang='lat' dir='ltr'>propter]</span> <span class='ocrx_word' id='word_1_435' title='bbox 1105 2117 1246 2149; x_wconf 78' lang='lat' dir='ltr'>pertinent</span> <span class='ocrx_word' id='word_1_436' title='bbox 1266 2116 1296 2141; x_wconf 89' lang='lat' dir='ltr'><em>H</em></span> <span class='ocrx_word' id='word_1_437' title='bbox 1313 2117 1322 2149; x_wconf 96' lang='grc'>11</span> <span class='ocrx_word' id='word_1_438' title='bbox 1344 2116 1438 2149; x_wconf 80' lang='lat' dir='ltr'>causa]</span> 
     </span>
     <span class='ocr_line' id='line_1_43' title="bbox 166 2151 1439 2185; baseline -0.002 -7"><span class='ocrx_word' id='word_1_439' title='bbox 166 2152 245 2185; x_wconf 84' lang='lat' dir='ltr'>quasi</span> <span class='ocrx_word' id='word_1_440' title='bbox 265 2161 347 2178; x_wconf 83' lang='lat' dir='ltr'>causa</span> <span class='ocrx_word' id='word_1_441' title='bbox 369 2152 522 2178; x_wconf 61' lang='lat' dir='ltr'>,Masi-icius</span> <span class='ocrx_word' id='word_1_442' title='bbox 541 2152 549 2184; x_wconf 96' lang='grc'>11</span> <span class='ocrx_word' id='word_1_443' title='bbox 568 2160 632 2177; x_wconf 84' lang='lat' dir='ltr'>nam</span> <span class='ocrx_word' id='word_1_444' title='bbox 652 2152 691 2177; x_wconf 87' lang='lat' dir='ltr'>dii</span> <span class='ocrx_word' id='word_1_445' title='bbox 710 2152 759 2177; x_wconf 85' lang='lat' dir='ltr'>alii</span> <span class='ocrx_word' id='word_1_446' title='bbox 779 2172 784 2177; x_wconf 85' lang='lat'>.</span> <span class='ocrx_word' id='word_1_447' title='bbox 806 2172 811 2178; x_wconf 84' lang='lat'>.</span> <span class='ocrx_word' id='word_1_448' title='bbox 833 2174 837 2178; x_wconf 90' lang='lat'>.</span> <span class='ocrx_word' id='word_1_449' title='bbox 858 2152 925 2177; x_wconf 80' lang='lat' dir='ltr'>haee</span> <span class='ocrx_word' id='word_1_450' title='bbox 947 2160 1029 2178; x_wconf 84' lang='lat' dir='ltr'>cansa</span> <span class='ocrx_word' id='word_1_451' title='bbox 1049 2157 1091 2177; x_wconf 80' lang='lat' dir='ltr'>est</span> <span class='ocrx_word' id='word_1_452' title='bbox 1110 2160 1159 2177; x_wconf 79' lang='lat' dir='ltr'>om.</span> <span class='ocrx_word' id='word_1_453' title='bbox 1181 2151 1210 2177; x_wconf 82' lang='lat' dir='ltr'><em>F</em></span> <span class='ocrx_word' id='word_1_454' title='bbox 1231 2153 1240 2185; x_wconf 95' lang='grc'>11</span> <span class='ocrx_word' id='word_1_455' title='bbox 1267 2155 1298 2177; x_wconf 74' lang='lat'>14</span> <span class='ocrx_word' id='word_1_456' title='bbox 1318 2151 1439 2185; x_wconf 81' lang='lat' dir='ltr'>pertinet</span> 
     </span>
     <span class='ocr_line' id='line_1_44' title="bbox 165 2187 1438 2221; baseline -0.002 -8"><span class='ocrx_word' id='word_1_457' title='bbox 165 2188 202 2213; x_wconf 85' lang='lat' dir='ltr'>M</span> <span class='ocrx_word' id='word_1_458' title='bbox 214 2189 223 2221; x_wconf 94' lang='grc'>11</span> <span class='ocrx_word' id='word_1_459' title='bbox 255 2188 339 2221; x_wconf 88' lang='lat' dir='ltr'>unde]</span> <span class='ocrx_word' id='word_1_460' title='bbox 360 2190 390 2213; x_wconf 84' lang='lat' dir='ltr'>ut</span> <span class='ocrx_word' id='word_1_461' title='bbox 406 2188 476 2213; x_wconf 83' lang='lat' dir='ltr'>ME</span> <span class='ocrx_word' id='word_1_462' title='bbox 489 2189 497 2220; x_wconf 95' lang='grc'>11</span> <span class='ocrx_word' id='word_1_463' title='bbox 515 2189 544 2212; x_wconf 79' lang='grc'>18</span> <span class='ocrx_word' id='word_1_464' title='bbox 560 2187 673 2221; x_wconf 83' lang='lat' dir='ltr'>Veneri]</span> <span class='ocrx_word' id='word_1_465' title='bbox 695 2187 802 2213; x_wconf 79' lang='lat' dir='ltr'>scilicet</span> <span class='ocrx_word' id='word_1_466' title='bbox 821 2189 852 2212; x_wconf 86' lang='lat' dir='ltr'>ut</span> <span class='ocrx_word' id='word_1_467' title='bbox 870 2188 981 2220; x_wconf 81' lang='lat' dir='ltr'>placeat</span> <span class='ocrx_word' id='word_1_468' title='bbox 1000 2187 1084 2213; x_wconf 77' lang='lat' dir='ltr'>matri</span> <span class='ocrx_word' id='word_1_469' title='bbox 1103 2187 1165 2213; x_wconf 72' lang='lat' dir='ltr'>add.</span> <span class='ocrx_word' id='word_1_470' title='bbox 1182 2188 1280 2220; x_wconf 78' lang='grc' dir='ltr'><strong>Ι)1120</strong></span> <span class='ocrx_word' id='word_1_471' title='bbox 1298 2187 1438 2212; x_wconf 80' lang='lat' dir='ltr'>sederatae</span> 
     </span>
    </p>
   </div>
   <div class='ocr_carea' id='block_1_9' title="bbox 164 2221 1440 2327">
    <p class='ocr_par' dir='ltr' id='par_1_12' title="bbox 164 2221 1440 2327">
     <span class='ocr_line' id='line_1_45' title="bbox 164 2221 1440 2257; baseline -0.002 -8"><span class='ocrx_word' id='word_1_472' title='bbox 164 2223 226 2249; x_wconf 84' lang='lat' dir='ltr'>LH</span> <span class='ocrx_word' id='word_1_473' title='bbox 235 2223 267 2248; x_wconf 85' lang='lat' dir='ltr'>M</span> <span class='ocrx_word' id='word_1_474' title='bbox 282 2223 291 2256; x_wconf 95' lang='grc'>11</span> <span class='ocrx_word' id='word_1_475' title='bbox 306 2223 422 2257; x_wconf 82' lang='lat' dir='ltr'>liberae]</span> <span class='ocrx_word' id='word_1_476' title='bbox 449 2223 534 2249; x_wconf 82' lang='lat' dir='ltr'>libere</span> <span class='ocrx_word' id='word_1_477' title='bbox 555 2222 677 2248; x_wconf 81' lang='lat' dir='ltr'>ciuitatis</span> <span class='ocrx_word' id='word_1_478' title='bbox 698 2222 748 2256; x_wconf 73' lang='lat' dir='ltr'>Fll</span> <span class='ocrx_word' id='word_1_479' title='bbox 763 2223 810 2248; x_wconf 84' lang='lat' dir='ltr'>sed</span> <span class='ocrx_word' id='word_1_480' title='bbox 833 2244 837 2248; x_wconf 97' lang='lat'>.</span> <span class='ocrx_word' id='word_1_481' title='bbox 859 2243 863 2247; x_wconf 95' lang='lat'>.</span> <span class='ocrx_word' id='word_1_482' title='bbox 885 2243 890 2248; x_wconf 95' lang='lat'>.</span> <span class='ocrx_word' id='word_1_483' title='bbox 911 2222 983 2256; x_wconf 77' lang='lat' dir='ltr'>erat]</span> <span class='ocrx_word' id='word_1_484' title='bbox 1004 2223 1032 2248; x_wconf 87' lang='lat' dir='ltr'>in</span> <span class='ocrx_word' id='word_1_485' title='bbox 1052 2222 1146 2248; x_wconf 86' lang='lat' dir='ltr'>liberis</span> <span class='ocrx_word' id='word_1_486' title='bbox 1165 2224 1258 2248; x_wconf 84' lang='lat' dir='ltr'>autem</span> <span class='ocrx_word' id='word_1_487' title='bbox 1279 2221 1440 2248; x_wconf 78' lang='lat' dir='ltr'>ciuitatibus</span> 
     </span>
     <span class='ocr_line' id='line_1_46' title="bbox 166 2256 1439 2292; baseline -0.002 -8"><span class='ocrx_word' id='word_1_488' title='bbox 166 2259 195 2284; x_wconf 87' lang='lat' dir='ltr'>in</span> <span class='ocrx_word' id='word_1_489' title='bbox 213 2258 322 2292; x_wconf 86' lang='lat' dir='ltr'>signum</span> <span class='ocrx_word' id='word_1_490' title='bbox 342 2258 481 2284; x_wconf 82' lang='lat' dir='ltr'>libertatis</span> <span class='ocrx_word' id='word_1_491' title='bbox 501 2258 677 2284; x_wconf 81' lang='lat' dir='ltr'>simulacrum</span> <span class='ocrx_word' id='word_1_492' title='bbox 697 2258 825 2292; x_wconf 79' lang='lat' dir='ltr'>Marsyae</span> <span class='ocrx_word' id='word_1_493' title='bbox 845 2259 905 2284; x_wconf 75' lang='lat' dir='ltr'>erat</span> <span class='ocrx_word' id='word_1_494' title='bbox 923 2258 1050 2292; x_wconf 72' lang='lat' dir='ltr'>myllwyr.</span> <span class='ocrx_word' id='word_1_495' title='bbox 1067 2259 1076 2291; x_wconf 97' lang='grc'>11</span> <span class='ocrx_word' id='word_1_496' title='bbox 1095 2261 1127 2283; x_wconf 74' lang='lat'>21</span> <span class='ocrx_word' id='word_1_497' title='bbox 1149 2258 1275 2291; x_wconf 79' lang='lat' dir='ltr'>Marsyae</span> <span class='ocrx_word' id='word_1_498' title='bbox 1296 2257 1336 2282; x_wconf 81' lang='lat' dir='ltr'>F:</span> <span class='ocrx_word' id='word_1_499' title='bbox 1355 2256 1439 2282; x_wconf 83' lang='lat' dir='ltr'>marsi</span> 
     </span>
     <span class='ocr_line' id='line_1_47' title="bbox 165 2292 1440 2327; baseline -0.002 -8"><span class='ocrx_word' id='word_1_500' title='bbox 165 2293 231 2319; x_wconf 84' lang='lat' dir='ltr'>LH</span> <span class='ocrx_word' id='word_1_501' title='bbox 247 2295 296 2320; x_wconf 81' lang='lat' dir='ltr'>aut</span> <span class='ocrx_word' id='word_1_502' title='bbox 314 2294 399 2320; x_wconf 85' lang='lat' dir='ltr'>marsi</span> <span class='ocrx_word' id='word_1_503' title='bbox 411 2295 467 2320; x_wconf 71' lang='lat' dir='ltr'>aut</span> <span class='ocrx_word' id='word_1_504' title='bbox 486 2293 600 2319; x_wconf 84' lang='lat' dir='ltr'>marsiae</span> <span class='ocrx_word' id='word_1_505' title='bbox 622 2293 692 2319; x_wconf 86' lang='lat' dir='ltr'>ME</span> <span class='ocrx_word' id='word_1_506' title='bbox 704 2294 713 2326; x_wconf 93' lang='grc'>11</span> <span class='ocrx_word' id='word_1_507' title='bbox 728 2293 851 2327; x_wconf 74' lang='lat' dir='ltr'>auspicia</span> <span class='ocrx_word' id='word_1_508' title='bbox 870 2315 875 2320; x_wconf 89' lang='lat'>.</span> <span class='ocrx_word' id='word_1_509' title='bbox 892 2315 897 2320; x_wconf 85' lang='lat'>.</span> <span class='ocrx_word' id='word_1_510' title='bbox 915 2315 920 2320; x_wconf 88' lang='lat'>.</span> <span class='ocrx_word' id='word_1_511' title='bbox 940 2302 995 2320; x_wconf 87' lang='lat' dir='ltr'>non</span> <span class='ocrx_word' id='word_1_512' title='bbox 1014 2293 1080 2319; x_wconf 74' lang='lat' dir='ltr'>licet</span> <span class='ocrx_word' id='word_1_513' title='bbox 1097 2294 1158 2319; x_wconf 77' lang='lat' dir='ltr'>hab.</span> <span class='ocrx_word' id='word_1_514' title='bbox 1179 2294 1273 2319; x_wconf 73' lang='lat' dir='ltr'>Ambr.</span> <span class='ocrx_word' id='word_1_515' title='bbox 1290 2292 1440 2326; x_wconf 76' lang='lat' dir='ltr'>praemisso</span> 
     </span>
    </p>
   </div>
   <div class='ocr_carea' id='block_1_10' title="bbox 167 2329 1228 2390">
    <p class='ocr_par' dir='ltr' id='par_1_13' title="bbox 167 2329 1228 2390">
     <span class='ocr_line' id='line_1_48' title="bbox 167 2329 1084 2362; baseline -0.001 -7"><span class='ocrx_word' id='word_1_516' title='bbox 167 2329 286 2355; x_wconf 74' lang='lat' dir='ltr'>lemmate</span> <span class='ocrx_word' id='word_1_517' title='bbox 305 2329 438 2362; x_wconf 86' lang='lat' dir='ltr'>Diuisque</span> <span class='ocrx_word' id='word_1_518' title='bbox 458 2329 582 2355; x_wconf 83' lang='lat' dir='ltr'>ferebam</span> <span class='ocrx_word' id='word_1_519' title='bbox 602 2329 759 2362; x_wconf 83' lang='lat' dir='ltr'>auspicibus</span> <span class='ocrx_word' id='word_1_520' title='bbox 774 2329 782 2362; x_wconf 94' lang='grc'>11</span> <span class='ocrx_word' id='word_1_521' title='bbox 797 2332 829 2355; x_wconf 72' lang='lat'>20</span> <span class='ocrx_word' id='word_1_522' title='bbox 851 2338 965 2362; x_wconf 86' lang='lat' dir='ltr'>operum</span> <span class='ocrx_word' id='word_1_523' title='bbox 985 2337 1034 2355; x_wconf 83' lang='lat' dir='ltr'>om.</span> <span class='ocrx_word' id='word_1_524' title='bbox 1054 2329 1084 2354; x_wconf 89' lang='lat' dir='ltr'><em>F</em></span> 
     </span>
     <span class='ocr_line' id='line_1_49' title="bbox 413 2372 1228 2390; baseline 0.01 -9"><span class='ocrx_word' id='word_1_525' title='bbox 413 2372 418 2375; x_wconf 94' lang='lat'><em>-</em></span> <span class='ocrx_word' id='word_1_526' title='bbox 1175 2372 1228 2390; x_wconf 65' lang='lat' dir='ltr'>oo*</span> 
     </span>
    </p>
   </div>
   <div class='ocr_carea' id='block_1_11' title="bbox 1454 674 1487 695">
    <p class='ocr_par' dir='ltr' id='par_1_14' title="bbox 1454 674 1487 695">
     <span class='ocr_line' id='line_1_50' title="bbox 1454 674 1487 695; baseline -0.03 0"><span class='ocrx_word' id='word_1_527' title='bbox 1454 674 1487 695; x_wconf 71' lang='lat'>1«)</span> 
     </span>
    </p>
   </div>
   <div class='ocr_carea' id='block_1_12' title="bbox 1457 941 1467 963">
    <p class='ocr_par' dir='ltr' id='par_1_15' title="bbox 1457 941 1467 963">
     <span class='ocr_line' id='line_1_51' title="bbox 1457 941 1467 963; baseline 0 0"><span class='ocrx_word' id='word_1_528' title='bbox 1457 941 1467 963; x_wconf 95' lang='lat'>1</span> 
     </span>
    </p>
   </div>
   <div class='ocr_carea' id='block_1_13' title="bbox 1456 1474 1489 1497">
    <p class='ocr_par' dir='ltr' id='par_1_16' title="bbox 1456 1474 1489 1497">
     <span class='ocr_line' id='line_1_52' title="bbox 1456 1474 1470 1496; textangle 90"><span class='ocrx_word' id='word_1_529' title='bbox 1456 1474 1470 1496; x_wconf 73' lang='lat'>¹0</span> 
     </span>
     <span class='ocr_line' id='line_1_53' title="bbox 1475 1475 1489 1497; textangle 90"><span class='ocrx_word' id='word_1_530' title='bbox 1475 1475 1489 1497; x_wconf 64' lang='lat' dir='ltr'>cu</span> 
     </span>
    </p>
   </div>
   <div class='ocr_carea' id='block_1_14' title="bbox 1473 940 1487 962">
    <p class='ocr_par' dir='ltr' id='par_1_17' title="bbox 1473 940 1487 962">
     <span class='ocr_line' id='line_1_54' title="bbox 1473 940 1487 962; baseline 0 0"><span class='ocrx_word' id='word_1_531' title='bbox 1473 940 1487 962; x_wconf 90' lang='lat'>5</span> 
     </span>
    </p>
   </div>
  </div>
 </body>
</html>
