1690 2611
477 121 589 148 OOMM.
608 121 648 147 IN
666 120 774 147 VERG.
794 120 876 146 AEN.
896 121 929 146 II.
951 123 1099 147 643-657.
1360 121 1425 152 315

148 205 318 243 ventorum,
341 203 428 234 utin
453 202 549 234 VIII.
570 201 678 243 <429>
703 202 773 232 tris
796 201 927 232 imbris
951 203 1040 232 torti
1062 203 1201 241 radios,
1226 203 1296 234 tris
1319 202 1426 234 nubis

148 266 306 296 aquosae
334 257 567 288 addiderant.
656 265 729 286 sane
751 255 787 285 cle
813 254 998 294 fulminibus
1020 255 1075 286 hoe
1097 256 1244 295 scriptum
1267 256 1302 286 in
1325 266 1425 287 recon-

148 310 221 341 ditis
244 310 397 341 invenitur
421 310 514 349 quod
534 310 567 340 si
594 319 695 349 quem
713 308 923 348 principem
947 308 1115 339 civitatis
1139 309 1193 340 vel
1216 319 1330 349 reqem
1352 309 1426 348 ful-

149 373 226 394 men
249 362 459 403 afflaverit,
482 364 515 393 et
536 362 799 402 supervixerit,
820 363 991 401 posteros
1015 362 1092 392 eius
1116 362 1257 393 nobiles
1278 362 1427 401 futuros

148 419 180 448 et
202 418 371 447 aeternae
397 416 549 456 qloriae.
640 415 765 446 Fabula
793 424 867 445 sanc
896 414 968 445 talis
997 417 1054 445 cst:
1083 425 1151 445 cum
1182 416 1259 446 inter
1287 416 1426 455 aequa-les
1446 421 1461 444 5

148 470 322 510 epularetur
341 469 502 509 Anchises,
522 469 674 509 ,qloriatus
699 468 833 498 traditur
856 468 891 498 cle
909 467 1066 499 concubitu
1087 467 1220 499 Veneris.
1257 469 1337 508 quocl
1359 479 1427 499 cum

148 523 217 555 Iovi
242 523 342 554 Venus
364 525 469 562 questa
492 524 578 562 esset,
601 521 738 558 emeruit,
763 523 797 552 ut
816 521 849 552 in
868 521 1035 552 Anchisem
1057 521 1194 560 flzclmz'na
1218 522 1426 557 mitterentur,-

147 577 199 608 sed
227 577 326 608 Venus
349 585 417 607 cum
439 585 507 606 eum
529 575 661 614 fulmine
678 584 767 614 posse
790 574 913 605 vidisset
942 574 1089 613 interimi,
1118 575 1266 605 miserata
1291 575 1427 606 iuvenem

149 630 182 661 in
205 630 302 661 aliam
319 631 442 669 partem
463 628 581 667 fulmen
605 628 742 667 detorsit,
766 627 916 659 Anchises
940 630 1040 658 tamen
1064 627 1194 667 afflatus
1217 628 1286 668 iqnc
1309 628 1428 659 caelesti

149 693 264 723 semper
287 682 393 714 debilis
415 682 501 713 vixit.
1450 687 1481 709 10

237 735 310 767 651.
348 743 414 767 Nos
439 743 577 766 CONTRA
607 734 863 775 praepositiones
888 734 939 765 vel
969 734 1121 765 adverbia
1145 734 1178 765 111
1203 733 1253 765 'a'
1278 734 1429 765 exeuntia

148 789 241 820 modo
261 789 442 829 producunt
461 788 609 819 ultimam
630 787 788 827 litteram,
814 788 946 828 excepto
972 786 1072 827 ‘puta'
1098 789 1129 818 et
1154 787 1232 828 ‘ita’,
1257 787 1341 828 apud
1364 787 1429 818 En-

147 843 237 874 nium
265 844 298 873 et
321 841 496 872 Pacuvium
524 841 636 872 brevia
668 842 752 871 sunt.
798 840 872 871 hinc
902 842 951 871 est
980 840 1064 881 quod
1094 841 1192 872 etiam
1222 851 1429 871 numerorum

149 896 280 927 uomina
304 894 546 926 indeclinabilia
568 893 801 934 producuntur,
830 895 866 924 ut
890 893 925 933 <I
950 893 1035 934 269>
1059 894 1232 935 triginta
1261 904 1429 934 magnos.

149 960 186 980 ea
209 959 390 989 veroquae
417 947 618 978 declinantur
641 947 751 978 brevia
776 948 851 977 sunt
875 946 1047 977 seeundum
1072 947 1232 978 rationem
1261 947 1428 978 nominum
1452 952 1482 975 15

149 1002 183 1033 in
208 1000 249 1033 ‘a'
275 1001 468 1032 exeuntium.
559 1013 668 1032 errius
689 1012 824 1031 mensule
841 1010 900 1039 pro
924 999 1015 1038 effusi
1040 1001 1071 1031 in
1096 1001 1249 1031 lacrimas.

211 1054 216 1060 ’
238 1054 311 1086 652.
349 1063 527 1092 OMNISQVE
548 1062 665 1085 Domvs
690 1053 785 1084 modo
805 1053 977 1093 familiam,
997 1053 1077 1084 alias
1099 1053 1312 1094 domicilium,
1332 1053 1429 1084 inter-

150 1108 225 1139 dum
249 1119 283 1139 re
308 1118 384 1139 vera
408 1107 546 1138 domum.

238 1161 311 1192 653.
348 1173 481 1196 Fercem
504 1173 629 1192 meeum
646 1158 842 1202 (wernerus)
863 1160 963 1204 simile
978 1163 1069 1192 estut
1088 1159 1268 1192 ‘currentem
1281 1160 1430 1201 incitare',

150 1214 412 1255 ‘praecipitantem
435 1213 606 1254 unpellere’.
1449 1220 1483 1242 ‘20

238 1267 311 1299 655.
349 1280 463 1299 avasrs
484 1280 517 1298 IN
536 1280 615 1298 ,imm
639 1280 730 1298 fenore
763 1268 852 1307 quasi
884 1267 1016 1306 quodam
1049 1267 1163 1298 doloris
1195 1267 1319 1306 impetu,
1352 1267 1433 1306 quod

143 1324 234 1362 pater
258 1321 383 1353 liberari
406 1331 467 1352 non
491 1321 694 1360 acquiesceret.
776 1329 922 1352 MORTEM
948 1329 1037 1352 OPTo
1062 1322 1177 1352 contra
1200 1320 1340 1351 fatorum
1365 1320 1430 1351 vim

151 1377 183 1406 et
207 1375 321 1406 matris
346 1374 510 1405 auxilium.

240 1427 314 1459 656.
350 1440 415 1459 ΝΛΜ
435 1439 510 1462 evol)
534 1440 691 1459 commum
716 1428 806 1467 quasi
828 1428 954 1458 vetuerit
976 1427 1083 1467 rcqina
1106 1427 1211 1458 audito
1237 1426 1431 1466 ‘mortemque

150 1481 342 1513 miserrimus
365 1479 457 1521 opto’,
485 1481 528 1511 sic
550 1481 708 1521 respondet
728 1481 850 1512 Aeneas
874 1480 964 1512 ‘nam
987 1481 1068 1520 quod
1090 1481 1251 1512 consilium
1274 1472 1330 1511 alit
1353 1490 1432 1520 quae
1451 1486 1483 1509 25

149 1535 214 1565 ¹iam
236 1534 366 1573 fortuna
389 1533 557 1565 clabatur’?

241 1587 312 1618 657.
350 1595 444 1618 MENE
474 1587 628 1628 probatae
657 1587 789 1628 pietatis
819 1588 930 1619 filium.
981 1599 1057 1618 nam
1086 1587 1278 1628 pronomina
1308 1587 1431 1617 habent

150 1641 214 1672 vim
247 1651 351 1680 suam,
383 1651 625 1681 nonnumquam
657 1643 689 1672 et
721 1641 902 1681 emphasin,
935 1642 971 1671 ut
1002 1640 1192 1671 cantando
1223 1642 1263 1671 tu
1295 1639 1426 1671 illum?

222 1740 237 1763 5
258 1746 320 1763 cum
339 1737 411 1762 inter
430 1757 436 1763 .
485 1736 609 1762 .debilis
629 1736 710 1770 vixit]
740 1736 774 1763 of
794 1737 933 1770 mythogr.
955 1737 979 1762 Π
1001 1739 1058 1805 1³95p
1074 1737 1082 1770 fl
1108 1739 1137 1761 11
1163 1735 1385 1769 praepositiones
1406 1744 1429 1761 e.

152 1782 177 1806 q.
198 1772 231 1807 s.]
259 1772 292 1798 cf.
313 1772 395 1798 Prisc.
415 1772 440 1798 II
464 1781 490 1806 p.
512 1774 558 1804 65,
578 1772 660 1798 2ΟΗ.
698 1772 804 1798 Probus
829 1772 862 1798 de
886 1772 936 1798 ult.
961 1781 990 1805 sy
992 1772 1020 1798 ll.
1088 1775 1152 1804 252,
1174 1775 1214 1797 14.
1238 1780 1264 1804 p.
1286 1774 1350 1803 254,
1366 1771 1429 1796 2Κ.

153 1809 264 1834 Servius
279 1808 312 1833 de
328 1807 400 1833 final.
442 1810 523 1840 454,
539 1810 639 1840 24sqq.
655 1808 687 1833 Κ.
708 1808 811 1833 Marius
826 1807 987 1834 Victorinus
1008 1808 1041 1833 de
1041 1781 1130 1833 pfinal.
1146 1815 1172 1840 p.
1189 1809 1249 1840 238,
1266 1810 1306 1833 19.
1327 1815 1352 1840 p.
1369 1809 1430 1839 239,

154 1847 169 1870 4
183 1843 216 1869 K.
236 1842 384 1869 Cledonius
403 1852 428 1876 p.
450 1846 490 1876 75,
511 1846 543 1868 22
560 1843 590 1868 Κ.
614 1844 622 1876 ΙΙ
646 1846 678 1869 28
700 1843 849 1878 cantando]
870 1843 930 1869 buc.
952 1844 989 1869 ΙΠ
1005 1846 1037 1869 25

226 1935 237 1957 1
258 1931 308 1957 tris
329 1952 334 1956 .
355 1953 360 1957 .
383 1951 388 1956 .
409 1930 584 1965 addiderant]
606 1932 634 1957 et
652 1931 797 1964 sequentia
817 1932 839 1958 C
860 1933 869 1965 ss
893 1935 908 1957 2
930 1940 995 1958 sane
1015 1932 1049 1958 de
1068 1931 1231 1957 fulminibus
1252 1951 1256 1956 .
1278 1952 1283 1957 .
1331 1930 1431 1956 debilis

152 1967 221 1993 vixit
240 1967 271 1992 in
288 1975 373 2000 τηαν-9.
393 1967 502 1999 eoeenzpl.
523 1966 611 1992 Basil.
631 1968 741 2000 scripsit
760 1967 863 1993 Daniel
877 1968 886 2001 ΙΙ
905 1970 920 1993 6
941 1967 1101 2001 epularetur
1121 1967 1224 1993 Daniel
1243 1968 1267 1992 et
1285 1952 1431 1999 mytho-tyrs

153 2003 290 2029 exultaret
304 2002 451 2034 Scioppius
465 2002 606 2035 enotavifflll
621 2005 635 2028 8
656 2011 718 2028 cum
738 2011 801 2028 eum
821 2003 938 2028 Daniel:
958 2011 1021 2028 eum
1041 2011 1104 2028 cum
1124 2002 1270 2039 Scioppius
1284 2002 1293 2035 ΙΙ
1308 2001 1431 2027 interimi

152 2037 267 2064 vidisset
286 2038 389 2063 Daniel
412 2038 420 2070 [Ι
449 2040 463 2063 9
485 2036 590 2062 fulmen
609 2037 727 2063 detorsit
745 2038 849 2064 Daniel
868 2041 892 2064 ct
911 2038 1041 2072 mytlzoqr.
1061 2038 1166 2063 fulmen
1186 2045 1235 2063 om.
1256 2037 1404 2070 Scioppius

155 2077 185 2099 11
201 2074 238 2099 ad
252 2082 275 2099 1.
292 2076 341 2099 651
363 2072 449 2098 Effusi
464 2072 598 2106 lacrimis]
619 2081 669 2105 pro
686 2072 764 2099 effusi
783 2073 811 2098 111
831 2073 969 2099 lacrimas
987 2073 1013 2098 P
1026 2075 1035 2106 ΙΙ
1051 2077 1082 2099 12
1099 2074 1127 2098 et
1141 2073 1181 2098 ita
1200 2081 1249 2099 om.
1266 2073 1297 2098 Η
1314 2074 1431 2105 excepto

152 2110 221 2143 puta
240 2110 268 2136 et
286 2108 326 2135 ita
346 2108 410 2141 quia
429 2109 509 2141 vulqo
530 2108 645 2141 excepto
664 2109 733 2141 puta.
752 2110 780 2134 et
798 2109 839 2134 ita
858 2117 929 2142 quae
950 2108 1088 2134 Vahlenus
1102 2108 1177 2134 Enn.
1191 2116 1263 2141 poes.
1279 2108 1323 2133 rel.
1337 2116 1366 2140 p.
1381 2110 1431 2133 180

152 2145 267 2176 sortasse
286 2145 401 2177 excepto
420 2143 461 2169 ita,
481 2145 509 2168 et
528 2143 600 2176 quia.
626 2144 659 2175 cf.
676 2144 750 2169 Serv.
765 2145 796 2169 (le
810 2144 857 2176 sin.
870 2153 898 2177 p,
915 2147 974 2175 454,
991 2147 1025 2169 24
1036 2144 1071 2169 K.
1087 2147 1111 2170 et
1128 2143 1216 2169 Prisc.
1232 2143 1256 2169 ΙΙ
1273 2146 1314 2175 65,
1330 2146 1364 2168 20
1376 2143 1411 2168 Η.

155 2183 188 2205 14
207 2179 408 2213 producuntur]
430 2187 446 2211 a
465 2178 654 2212 producuntur
675 2179 711 2204 M
736 2187 752 2204 a
771 2179 928 2212 producunt
947 2179 976 2204 E
981 2180 990 2204 l
1003 2180 1012 2212 ΙΙ
1026 2187 1143 2213 magnos
1158 2179 1201 2204 H:
1221 2186 1270 2204 om.
1286 2179 1325 2209 L,
1345 2187 1430 2204 annos

154 2215 206 2241 Ml
234 2223 351 2248 magnos
372 2223 456 2241 annos
471 2214 500 2239 E
513 2214 522 2247 ΙΙ
538 2216 569 2239 15
587 2214 737 2248 rationem]
757 2214 975 2240 declinationem
990 2214 1019 2239 E
1032 2215 1041 2247 ΙΙ
1057 2218 1088 2241 17
1103 2214 1212 2240 familia
1226 2214 1306 2247 111190
1320 2215 1329 2246 ΙΙ
1344 2213 1431 2239 domi-

154 2267 260 2302 cilium]
290 2268 364 2301 quod
393 2268 428 2294 ad
455 2269 564 2301 tempus
594 2266 712 2293 sumitur
735 2267 799 2293 ατῐᾱ
824 2268 848 2293 L
881 2267 1005 2301 superior
1028 2276 1092 2301 pars
1117 2267 1214 2294 domus
1237 2274 1368 2306 superscr.
1390 2266 1424 2299 l

154 2306 187 2328 24
206 2303 338 2338 vetuerit]
359 2312 396 2329 an
415 2303 554 2329 renuerit?
573 2304 582 2336 ΙΙ
603 2305 636 2328 25
657 2300 805 2336 respondet
823 2304 934 2336 scripsi:
954 2303 1134 2337 responderet
1154 2303 1176 2329 O
1193 2303 1202 2335 ΙΙ
1222 2305 1254 2328 28
1275 2301 1330 2327 vim
1350 2286 1428 2327 suam'

154 2346 203 2365 om.
225 2338 295 2364 ME
311 2340 320 2372 ΙΙ
344 2339 372 2365 et
390 2347 439 2365 om.
460 2339 539 2365 MEl
557 2339 566 2372 ΙΙ
589 2337 696 2365 enfasin
714 2338 779 2364 ΗΕ
806 2338 924 2365 emfasin
943 2339 980 2364 M
