1690 2611
700 101 914 129 PRAEFATIO.
1342 94 1443 120 LXVII

169 206 252 236 esse,
286 193 385 225 veluti
421 190 640 223 additamenta
672 197 736 217 non
769 184 858 215 nulla
893 193 964 213 cum
1002 181 1118 222 glossis
1154 177 1338 220 comparavi
1367 188 1445 217 quas

168 247 408 280 Hildebrandus
433 256 449 276 e
475 238 745 285 Sangermanensi
774 238 858 268 libro
884 236 1050 275 excerptas
1075 234 1107 264 in
1134 231 1283 274 glossarii
1307 230 1445 261 Parisini

170 300 402 334 commentario
436 297 543 329 edidit.
590 295 628 326 cf.
660 304 741 335 quae
773 291 811 322 de
842 290 1026 332 glossarum
1057 287 1140 318 libro
1172 285 1335 316 Vsenerus
1367 295 1446 314 mus.

170 356 271 387 Rhen.
295 352 405 385 XXIV
421 364 450 393 p.
474 350 538 383 382
554 359 621 390 sqq.
660 348 691 378 et
715 344 861 377 Loewius
886 342 1048 384 prodrom.
1069 352 1098 381 p.
1114 340 1177 370 22?
1199 350 1265 379 sqq.
1290 338 1446 368 dixerunt.

170 411 310 441 ceterum
335 407 429 438 illum
458 404 512 446 qui
536 401 743 434 Danielinum
775 395 1043 429 commentarium
1073 392 1254 433 composuit
1282 391 1447 422 uberiores

171 464 337 494 auctorum
363 469 494 491 suorum
519 454 738 497 expositiones
763 452 796 483 in
817 449 947 482 brevius
973 446 1162 479 contrahere
1190 456 1254 476 non
1283 444 1447 475 dubitasse

172 519 204 548 et
228 514 384 547 sermonis
409 511 522 543 habitu
543 510 575 540 et
598 505 757 539 Macrobii
781 504 865 535 libro
886 503 1075 542 comparato
1100 498 1288 530 ostenditur.
1326 498 1357 527 in
1378 496 1447 527 Ser-

173 570 273 602 vianis
299 577 424 609 quoque
448 564 550 596 multa
582 562 635 593 ille
660 559 797 592 mutavit
826 558 882 588 aut
906 558 941 587 ut
966 555 1073 586 aliena
1102 552 1267 584 commode
1298 551 1447 581 adderen-

173 627 233 664 tur,
250 622 302 665 (cf.
313 633 342 662 p.
354 618 397 662 X)
407 621 463 650 aut
473 617 547 659 quia
567 615 642 657 quid
659 613 787 646 Servius
802 610 959 642 voluisset
970 619 1036 640 non
1055 607 1272 645 intellexerat,
1291 606 1346 635 aut
1362 604 1450 634 nulla

173 677 237 708 alia
270 685 366 707 causa
399 672 461 704 nisi
495 668 677 710 corrigendi
709 665 843 697 libidine
878 660 1075 703 impulsusst)
1119 659 1306 691 Servianum
1342 658 1449 688 autem

173 729 335 770 exemplar
368 737 430 768 quo
464 736 540 756 usus
574 725 624 754 est
656 723 692 752 ut
725 719 811 751 haud
851 717 960 758 paucis
994 715 1074 747 locis
1108 712 1250 754 vulgatis
1288 711 1449 742 codicibus

174 782 372 815 emendatius
396 778 506 820 fuit2),
537 778 584 808 ita
615 775 686 807 aliis
718 773 828 805 eadem
861 770 975 802 menda
1010 767 1152 800 ostendit
1184 765 1300 807 quibus
1332 764 1378 794 illi
1404 764 1451 794 in-

174 836 298 879 quinati
322 832 438 876 sunt.3)

263 893 333 931 Quo
357 894 503 932 tempore
533 887 648 920 vixerit
677 887 702 917 is
733 885 787 926 qui
817 883 994 925 pleniorem
1025 877 1291 911 commentarium
1323 886 1452 916 compo-

180 948 245 980 suit
272 958 337 978 non
367 945 476 986 potest
503 943 572 974 sine
602 940 802 972 dubitatione
832 937 908 976 dici,
942 944 1136 976 quamquain
1171 932 1298 962 constat
1327 929 1451 961 Isidoro

176 1013 249 1032 eum
275 1000 442 1041 aliquanto
467 995 653 1028 inferiorem
672 993 785 1024 fuisse:
811 1002 848 1022 ex
864 988 1025 1030 originum
1041 985 1133 1017 libris
1150 985 1235 1015 enim
1252 984 1329 1015 satis
1350 982 1453 1013 multa

175 1053 377 1095 deprompsit
401 1053 497 1092 atque
522 1059 621 1080 unum
645 1047 765 1086 locum,
790 1044 843 1086 qui
864 1044 896 1074 in
917 1040 1058 1082 vulgatis
1083 1039 1175 1070 libris
1201 1038 1371 1077 corruptus
1397 1038 1453 1075 est,

176 1106 366 1139 emendavit.
404 1104 442 1136 cf.
467 1115 495 1144 p.
506 1101 620 1134 XLIII.
650 1112 669 1131 a
698 1098 874 1130 christiano
902 1095 1031 1127 homine
1052 1105 1089 1125 ea
1114 1103 1193 1133 quae
1219 1091 1296 1122 Aen.
1321 1089 1367 1120 IV
1389 1090 1454 1120 20⁴)

176 1161 220 1202 (p.
244 1160 325 1201 499,
350 1157 422 1200 23),
454 1156 501 1188 IV
526 1156 588 1187 301
615 1153 659 1196 (p.
685 1153 763 1193 518,
787 1151 822 1193 4)
857 1148 1019 1181 Servianis
1054 1147 1165 1178 addita
1199 1146 1275 1175 sunt
1309 1143 1454 1184 profecta

176 1225 245 1246 esse
275 1213 479 1244 Burmannus
509 1209 598 1241 vidit.
640 1207 719 1238 haec
749 1216 874 1247 quoque
905 1214 985 1244 quae
1015 1202 1094 1232 Aen.
1125 1199 1204 1230 VIII
1235 1198 1299 1229 670
1329 1197 1362 1228 in
1391 1207 1453 1227 uno

178 1267 374 1299 Floriacensi
400 1265 512 1296 extant
535 1273 593 1303 qao
618 1261 705 1292 modo
728 1260 809 1291 enim
828 1257 982 1298 piisima
1002 1255 1135 1286 redderet
1157 1253 1210 1292 qai
1232 1252 1263 1283 in¹
1287 1262 1318 1282 se
1343 1250 1455 1290 impias

176 1322 237 1361 fuit
260 1320 346 1351 hand
371 1319 436 1350 scio
463 1328 504 1348 an
529 1315 744 1347 christianum
773 1321 903 1343 sensum
932 1308 1113 1340 ostendant.
1156 1305 1292 1345 denique
1321 1315 1358 1334 ex
1388 1303 1453 1343 plc-

179 1374 325 1406 nioribus
349 1372 441 1404 libris
467 1369 607 1410 exempli
631 1378 727 1399 causa
751 1364 908 1406 quaedam
934 1362 1081 1394 adscribo
1108 1360 1223 1401 quibus
1248 1358 1285 1389 de
1309 1359 1453 1388 veterum

180 1428 402 1459 Romanorum
435 1423 594 1455 institutis
630 1423 661 1453 et
689 1418 901 1461 religionibus
937 1418 1032 1457 atque
1067 1414 1166 1446 etiam
1201 1422 1346 1443 sermone
1378 1412 1455 1441 tani-

180 1492 275 1523 quam
309 1480 346 1511 de
381 1478 512 1510 abolitis
542 1478 637 1517 atque
671 1472 850 1515 peregrinis
884 1470 980 1501 rebus
1014 1469 1131 1509 agitur.
1175 1465 1292 1497 Aen.I
1325 1464 1386 1495 179
1413 1462 1456 1503 (Γ.

182 1535 232 1575 72,
255 1533 290 1575 4)
324 1533 465 1573 Ῑὶαυιίνιεε
498 1533 599 1562 autem
630 1528 771 1567 farinam
799 1526 1013 1565 fermentatam
1047 1521 1216 1560 contium-e
1247 1528 1310 1550 non
1344 1517 1456 1548 licebat.

180 1589 195 1619 I
222 1588 283 1619 183
310 1585 354 1628 (p.
380 1586 430 1624 73,
455 1584 511 1624 21)
536 1583 625 1617 flebat
647 1581 700 1612 hoc
729 1582 831 1611 atatem
860 1580 888 1608 et
910 1577 992 1617 δίψη
1012 1575 1132 1615 qratia,
1156 1582 1350 1614 quamquam
1375 1569 1457 1611 apud

184 1641 332 1673 Servium
356 1639 452 1680 paulo
483 1638 556 1668 ante
585 1635 623 1666 de
652 1633 763 1665 eodem
792 1641 880 1662 more
913 1629 992 1660 haec
1025 1628 1126 1658 habes
1155 1627 1229 1666 qaia
1257 1625 1455 1665 wavigya‘ntmn

181 1697 232 1726 est.
267 1693 283 1725 Ι
307 1692 371 1724 219
397 1690 442 1732 (p.
468 1690 523 1730 84,
549 1688 603 1729 10)
622 1689 693 1728 post
715 1695 825 1717 nomen
848 1684 929 1715 enlm
953 1681 1088 1721 defuncti
1111 1682 1249 1711 vocatum
1274 1678 1359 1709 tertio
1383 1677 1458 1708 (Iica-

183 1748 272 1779 batar
295 1746 361 1778 vala
387 1745 451 1776 vale
473 1743 547 1775 vale.
578 1742 615 1773 cf.
641 1740 728 1772 Serv.
758 1738 797 1770 ad
827 1738 905 1768 Aen.
931 1736 962 1766 II
992 1735 1053 1766 789
1086 1736 1117 1765 et
1145 1733 1192 1764 XI
1220 1732 1271 1763 97.
1308 1731 1388 1762 Aen.
1412 1729 1457 1760 IV

187 1801 248 1831 167
276 1798 440 1830 Servianis
465 1807 545 1838 quae
576 1796 651 1826 sunt
678 1793 758 1824 unde
785 1791 929 1830 hodieque
958 1791 985 1819 et
1011 1789 1093 1827 faces
1116 1787 1294 1827 praeluceat
1324 1787 1351 1815 et
1378 1794 1458 1824 aqua

180 1854 279 1894 petita
302 1853 337 1884 de
346 1861 428 1892 puro
450 1851 533 1890 fonte
559 1849 681 1880 interest
694 1845 812 1886 nuptiis
836 1844 868 1875 in
884 1842 908 1874 F
912 1841 1083 1874 loriacensi
1108 1840 1218 1871 addita
1243 1840 1318 1870 sunt
1341 1839 1376 1869 (Ze
1399 1848 1459 1877 qua

185 1906 363 1938 »rubentibus
386 1904 521 1936 solebant
538 1903 630 1943 pedes
654 1900 764 1933 lavari.
790 1898 862 1929 Aen
884 1896 930 1928 IV
951 1896 1013 1927 207
1041 1894 1084 1936 (p.
1104 1895 1184 1931 501,
1209 1892 1242 1932 9)
1269 1892 1383 1924 libatur
1407 1902 1459 1921 ex—

278 2051 302 2083 1)
323 2049 355 2076 cf.
377 2048 444 2074 Aen.
464 2048 475 2073 I
496 2051 510 2073 3
536 2049 571 2081 (p.
593 2050 617 2079 9,
638 2048 670 2072 15
691 2046 719 2071 et
738 2045 796 2077 20);
821 2046 854 2069 29
873 2044 908 2076 (p.
929 2044 972 2074 24,
994 2042 1050 2073 11);
1073 2042 1121 2065 145
1142 2049 1168 2073 p.
1189 2041 1231 2070 (32,
1253 2040 1285 2063 15
1306 2036 1389 2069 sqq.);
1414 2037 1461 2060 188

186 2093 223 2126 (p.
245 2094 286 2123 75,
305 2090 359 2122 12);
380 2091 431 2114 226
452 2089 488 2121 (p.
510 2089 552 2120 86,
573 2088 630 2119 1ss);
650 2086 675 2111 Π
696 2088 728 2112 32
749 2087 784 2118 (p.
806 2086 866 2115 220,
886 2083 944 2114 23);
966 2083 1029 2113 134;
1051 2083 1100 2106 703
1123 2081 1158 2113 (p.
1175 2082 1234 2110 321,
1255 2079 1310 2108 2Ο);
1332 2076 1394 2101 Vlll
1414 2076 1461 2099 12¹8

187 2133 228 2165 (ιή
247 2131 325 2157 ratiis
346 2129 391 2155 vel
409 2129 439 2154 in
459 2127 536 2153 oetiis
556 2124 683 2152 Serviani
706 2124 771 2150 libri
792 2122 937 2154 exhibent,
964 2122 993 2147 in
1013 2120 1187 2153 antiquitatis
1207 2118 1284 2144 libris
1304 2115 1461 2142 moriacen-

188 2171 234 2198 sis.
310 2173 334 2202 2)
356 2168 389 2195 cf.
410 2168 447 2194 IV
467 2169 501 2193 38
522 2168 557 2200 (p.
578 2168 638 2198 458,
658 2165 716 2197 24);
736 2166 768 2189 57
790 2163 826 2196 (p.
847 2165 907 2195 472,
930 2163 985 2195 18);
1007 2163 1038 2186 65
1060 2161 1096 2194 (p.
1118 2162 1177 2192 475,
1199 2160 1256 2191 25);
1279 2160 1326 2183 132
1349 2161 1384 2189 (p.
1401 2156 1460 2185 486,

187 2212 244 2245 23);
266 2213 316 2236 146
337 2212 373 2243 (p.
395 2210 456 2239 490,
476 2208 510 2240 4).
620 2206 645 2237 3)
667 2203 700 2230 cf.
721 2204 731 2229 Ι
753 2206 800 2229 191
823 2204 859 2236 (p.
877 2205 918 2235 76,
935 2203 960 2235 1)
981 2202 1054 2227 Iocus
1072 2208 1122 2234 pro
1143 2200 1220 2225 lacus
1240 2197 1286 2223 ΒΚ
1307 2197 1334 2221 et
1355 2194 1396 2220 ΟΡ
1417 2202 1461 2220 ex-

188 2251 299 2283 hibeut3
319 2250 348 2275 in
367 2248 411 2274 his
431 2248 479 2282 qui
496 2246 606 2279 frondes
626 2245 703 2270 habet
715 2252 737 2280 ⁸e
758 2241 918 2268 coniectura
937 2240 1035 2267 addita
1054 2240 1134 2271 sunt;
1156 2238 1179 2264 ΙΙ
1196 2240 1246 2264 4845
1267 2240 1303 2270 (p.
1324 2238 1382 2267 293,
1404 2235 1461 2266 22);

189 2291 226 2317 IV
251 2294 300 2317 207
328 2292 365 2323 (p.
392 2291 455 2322 501,
482 2289 523 2319 13)
553 2285 666 2312 lacubus
698 2291 747 2318 pro
773 2283 867 2309 loculis
891 2290 905 2307 e
930 2280 1090 2307 coniectura
1113 2279 1140 2304 ni
1164 2278 1246 2304 fallor
1266 2273 1458 2305 Floriacensis3

191 2331 215 2358 V
236 2333 276 2357 28.
