1690 2611
455 108 567 136 COMM.
587 108 627 134 IN
645 106 753 133 VERG.
773 106 857 132 AEN.
877 105 897 132 I.
917 107 1065 130 288-292.
1336 101 1396 132 107

123 204 161 225 ex
185 193 296 224 eodem
325 193 395 223 1000
427 191 584 232 erupisse,
616 200 697 231 quae
728 188 855 229 fugavit
885 187 1061 218 exercitum
1085 185 1294 217 Sabinorum:
1325 184 1400 215 hinc

124 256 201 288 ergo
225 248 366 277 tractum
390 256 526 285 morem,
549 245 585 275 ut
608 242 784 284 pugnaturi
809 241 973 282 aperirent
995 239 1166 280 templum,
1197 238 1280 280 quod
1305 238 1337 269 in
1362 249 1398 269 eo

122 301 193 332 loco
218 299 325 330 fuerat
348 299 573 338 constitutum,
598 296 690 338 quasi
714 296 753 326 ad
778 306 868 336 spem
891 293 1021 335 pristini
1045 293 1164 323 auxilii.
1207 292 1261 323 alii
1291 291 1400 323 dicunt

123 354 255 385 Tatium
279 355 311 384 et
334 352 509 384 Romulum
531 351 617 382 facto
641 349 767 381 foedere
788 348 848 380 hoc
868 347 1024 388 templum
1044 346 1242 386 aedificasse,
1266 345 1348 376 unde
1369 347 1401 376 et

125 407 223 438 Ianus
247 407 316 447 ipse
341 406 418 437 duas
442 405 541 436 facies
565 404 677 444 habet,
702 402 793 444 quasi
818 403 854 433 ut
874 401 1024 433 ostendat
1044 400 1180 431 duorum
1205 409 1317 439 regum
1342 399 1401 429 001-

125 461 255 492 tionem.
289 460 355 499 [vel
376 459 459 500 quod
479 458 518 490 ad
538 457 658 488 bellum
677 456 754 487 ituri
774 455 891 487 debent
911 455 949 485 (le
969 464 1047 494 paee
1067 453 1233 494 cogitare]
1269 454 1318 483 est
1337 452 1401 483 alia

125 514 240 545 melior
264 514 361 554 ratio,
386 512 471 554 quod
495 511 533 543 ad
557 510 716 552 proelium
742 509 819 540 ituri
843 510 957 550 optent
981 507 1206 538 reversionem.

215 567 287 599 292.
325 575 415 598 CANA
448 574 549 597 FIDES
584 574 628 595 ET
660 572 769 595 VESTA
805 561 959 593 subaudis
994 560 1095 592 ‘erit'.
1151 570 1262 591 03113111
1295 561 1402 590 autem

126 621 237 652 Fidem
268 620 364 661 dixit,
394 620 443 651 vel
476 618 558 660 quod
591 618 623 649 in
653 617 740 649 canis
769 616 956 648 hominibus
984 614 1159 654 invenitur,
1190 612 1240 643 vel
1265 613 1350 653 quod
1375 614 1403 644 ei

127 675 200 706 albo
225 684 331 714 panno
356 672 504 704 involuta
528 683 625 702 manu
655 671 867 710 sacrificatur,
894 680 958 713 >per
984 668 1067 709 quod
1092 666 1274 698 ostenditur
1308 666 1403 697 fidem

127 728 242 759 debere
266 737 334 757 esse
359 728 527 757 secretam:
562 725 644 756 unde
669 726 701 755 et
726 723 881 755 Horatius
912 724 949 753 et
977 721 1065 753 albo
1094 731 1181 752 rara
1204 719 1317 751 Fides
1347 731 1403 750 co—

126 781 175 812 lit
204 780 333 812 velata
362 790 495 820 panno.
542 778 643 809 Vesta
673 788 749 809 vero
774 788 832 818 pro
857 776 1026 817 religione,
1056 774 1133 816 quia
1156 774 1282 805 nullum
1308 774 1402 804 sacri-

126 834 234 865 ficium
259 833 326 865 sine
350 833 424 874 igne
449 834 511 873 est,
542 832 623 863 unde
655 834 687 862 et
710 832 781 872 ipsa
810 832 842 861 et
866 830 962 861 Ianus
994 830 1027 860 iu
1059 828 1208 860 omnibus
1240 827 1404 859 sacrificiis

126 887 325 918 invocantur.
370 885 473 917 Vesta
503 889 611 917 autem
641 885 727 916 dicta
758 884 807 915 vel
839 880 901 915 ἀπὸ
926 884 983 924 τῆς
1007 881 1127 923 ἑστίας,
1157 884 1193 913 ut
1223 881 1404 923 (ligammos

129 940 172 971 sit
197 940 334 981 adiecta,
359 939 441 970 siout
464 933 505 979 ἥρ
530 950 598 979 ver,
620 935 748 974 Ἐνετὸς
774 937 931 977 Venetus,
963 937 1012 967 vel
1043 936 1129 977 quod
1161 936 1258 967 variis
1290 935 1407 966 vestita

130 994 173 1025 sit
196 994 301 1025 rebus.
347 994 419 1034 ipsa
443 993 528 1024 enim
553 1002 621 1023 esse
652 991 770 1022 (licitur
799 993 898 1029 terra,
930 1001 1026 1031 quam
1054 990 1163 1031 ignem
1194 989 1312 1020 habere
1342 999 1407 1019 non

130 1047 264 1079 dubium
289 1049 353 1088 est,
376 1049 413 1078 ut
437 1057 474 1078 ex
500 1046 607 1077 Aetna
631 1045 841 1085 Vulcanoque
870 1047 898 1075 et
920 1044 992 1075 aliis
1017 1044 1089 1075 locis
1112 1043 1288 1074 ardentibus
1313 1042 1407 1073 datur

128 1101 284 1141 intellegi.
374 1114 451 1132 Rffllo
472 1113 531 1132 CVM
549 1113 663 1131 FRATRI?
683 1112 823 1135 ornamus
842 1112 912 1130 [ΓΜ
934 1099 1063 1137 ιιΑΒιιΥΤ]
1092 1097 1141 1128 llic
1170 1096 1345 1128 dissimulat
1373 1096 1408 1126 (Ῑο

123 1155 310 1195 parricidio,
340 1155 420 1194 quod
448 1156 476 1185 eb
505 1154 605 1193 izmye't
634 1163 695 1193 eos,
724 1155 751 1183 el
774 1153 848 1192 quia
871 1162 932 1183 mm
956 1151 1137 1188 Romulum,
1166 1151 1218 1181 sed
1242 1150 1406 1189 Quirinum

128 1208 273 1249 nmmum,
303 1210 338 1238 nt
364 1218 424 1239 mm
449 1207 586 1247 potuerit
609 1207 819 1247 parre'cidlmn
845 1206 944 1245 facere
973 1205 1027 1245 ([1ιὲ
1056 1205 1200 1235 meruerit
1229 1204 1301 1235 dens
1330 1204 1409 1243 fieri.

217 1269 311 1293 REMO
338 1270 408 1293 cvM
433 1269 567 1292 FRATRE
594 1268 756 1298 vamvs
781 1268 862 1291 ivm
883 1267 1022 1290 DABVNT
1043 1258 1136 1289 multi
1157 1257 1202 1288 sic
1220 1257 1408 1298 intellegere

200 1379 216 1402 4
235 1376 307 1402 unde
327 1377 355 1401 et
373 1375 455 1401 Ianus
475 1384 498 1402 e.
514 1384 538 1408 (1.
555 1375 587 1409 s.]
610 1375 642 1401 cf.
663 1375 784 1401 Maerob.
808 1374 863 1400 Sat.
884 1374 894 1399 Ι
916 1377 943 1405 7,
965 1376 997 1399 20
1018 1373 1046 1398 et
1065 1376 1093 1405 9,
1113 1375 1128 1397 4
1152 1373 1161 1405 ΙΙ
1185 1376 1199 1397 9
1225 1372 1269 1397 vel
1289 1371 1363 1404 quod
1384 1371 1408 1397 ei

200 1411 346 1445 secretam]
373 1420 458 1437 exser.
485 1411 623 1444 mythogr.
646 1411 656 1436 l
686 1413 735 1436 191
757 1411 766 1443 ΙΙ
792 1413 820 1435 11
848 1408 989 1442 Horatius]
1016 1417 1099 1434 carm,
1121 1408 1129 1433 l
1151 1410 1197 1439 35,
1218 1411 1249 1433 21
1275 1408 1283 1439 Η
1309 1410 1339 1433 15
1364 1407 1409 1432 vel

131 1447 206 1481 quod
224 1447 308 1473 variis
327 1447 429 1473 vestita
448 1446 484 1473 sit
502 1446 596 1481 rebus]
618 1454 703 1472 exscr.
724 1446 862 1479 mythogr.
883 1445 894 1470 I
916 1447 964 1470 112
986 1445 1014 1469 et
1034 1444 1096 1470 Isid.
1117 1443 1180 1469 VIII
1202 1446 1247 1476 11,
1269 1446 1300 1469 61

204 1558 219 1580 3
243 1553 322 1587 quasi
341 1562 418 1587 spem
438 1554 504 1579 LH
527 1553 615 1587 (quasi
642 1553 677 1579 ad
703 1554 722 1586 I)
749 1561 831 1586 (1113111
859 1560 935 1585 spem
961 1552 1026 1577 libri
1044 1551 1217 1582 Burmanni,
1243 1551 1299 1576 m'si
1325 1558 1408 1583 quam

132 1591 282 1625 typothetae
303 1590 468 1623 neyleyentia
483 1598 536 1622 pro
556 1589 636 1622 quasi
652 1589 770 1622 positum
791 1591 834 1614 est.
874 1586 953 1620 quasi
973 1587 1008 1613 ad
1029 1586 1149 1620 speciem
1169 1587 1298 1620 mythoyr.
1321 1587 1329 1619 ΙΙ
1355 1585 1408 1619 pri-

132 1626 233 1652 stinam
252 1626 279 1651 B
302 1626 340 1659 117
369 1626 466 1658 optant
491 1625 527 1650 M
549 1626 557 1658 Η
581 1628 595 1651 G
623 1625 666 1650 vel
694 1624 767 1657 quod
869 1623 993 1656 cogitare
1019 1623 1115 1648 seclusi
1141 1625 1171 1647 ut
1196 1622 1407 1655 ‹Iittoyraphitmz

131 1670 223 1688 eorum
241 1670 309 1695 quae
328 1664 485 1694 sequuntur.
515 1662 557 1686 est
575 1662 603 1686 et
623 1660 678 1686 alia
698 1668 767 1693 quae
783 1659 904 1685 melioris
919 1658 1029 1684 videtur
1044 1666 1139 1689 causa,
1159 1657 1233 1690 quod
1253 1657 1288 1683 ad
1304 1657 1409 1682 bellum

132 1697 198 1723 ituri
217 1697 250 1723 de
275 1704 343 1730 pace
368 1697 492 1730 cogitare
519 1697 548 1722 et
571 1696 757 1722 reversionem
782 1696 880 1728 optare
904 1694 1007 1719 debent
1029 1694 1158 1727 fnzytlzoyr.
1183 1694 1191 1726 Ι]
1215 1695 1230 1719 8
1255 1693 1290 1718 ad
1316 1701 1337 1719 r.
1359 1695 1408 1718 292

134 1732 208 1759 Cana
227 1732 308 1758 Fides
328 1733 356 1757 et
375 1732 474 1766 Vesta]
495 1731 627 1757 subaudis
648 1731 701 1757 erit
721 1751 725 1755 .
745 1753 749 1757 .
766 1752 770 1756 .
792 1738 891 1764 panno.
927 1729 1041 1755 Vestam
1060 1737 1127 1755 uero
1146 1728 1324 1762 religionem,
1345 1727 1410 1761 quia

132 1768 240 1794 nullum
260 1767 424 1794 sacrificium
449 1768 507 1793 sine
526 1767 590 1800 igne
612 1768 653 1793 est
675 1766 791 1800 ipsaque
816 1766 844 1791 in
870 1765 997 1792 omnibus
1021 1764 1174 1791 inuocatur.
1213 1772 1284 1797 (11130
1309 1763 1411 1789 dicitur

133 1811 192 1830 esse
218 1805 293 1829 terra.
311 1811 395 1836 quam
414 1803 507 1836 ignem
526 1811 582 1829 non
608 1802 737 1834 dubium,
763 1801 894 1834 dietaque
921 1808 991 1833 quae
1019 1800 1103 1826 uariis
1128 1799 1232 1826 uestita
1258 1799 1295 1825 sit
1320 1799 1409 1825 rebus.

136 1839 223 1865 Remo
243 1847 305 1864 eum
324 1838 409 1864 fratre
430 1838 560 1870 Quirinus
583 1838 644 1864 iura
668 1838 785 1871 dabunt]
811 1837 857 1863 hic
877 1836 1033 1862 dissimulat
1056 1836 1089 1862 de
1109 1835 1258 1869 parricidio
1283 1835 1357 1868 quod
1384 1836 1412 1860 et

133 1874 225 1908 iungit
243 1882 290 1900 eos
310 1875 338 1899 et
356 1873 422 1906 quia
441 1882 495 1900 non
514 1874 664 1900 Romulum
685 1873 732 1899 sed
753 1873 897 1905 Quirinum
923 1871 1078 1905 appellauit
1101 1872 1129 1897 et
1149 1871 1257 1904 reliqua
1280 1872 1311 1896 ut
1331 1878 1410 1904 supe-

134 1910 190 1936 rius
209 1909 315 1935 dictum
335 1910 383 1935 est.
422 1909 469 1935 sed
493 1909 546 1935 hoc
566 1917 624 1935 esse
644 1917 699 1935 non
718 1909 813 1942 potest
832 1930 837 1934 .
854 1930 859 1935 .
877 1929 882 1934 .
902 1907 1012 1941 repetit.
1056 1908 1166 1933 constat
1188 1907 1333 1940 praeterea
1353 1906 1411 1931 Iani

134 1945 271 1978 templum
290 1944 356 1977 †sit
382 1952 437 1970 non
462 1944 517 1970 fnit
541 1945 664 1978 patuisse.
687 1944 737 1970 snb
763 1944 897 1976 Romulo,
925 1942 990 1977 (11113
1015 1942 1095 1969 bellis
1121 1950 1273 1975 numquam
1298 1941 1412 1967 uacauit

134 1980 277 2013 (uocauit).
315 1979 365 2005 alii
384 1980 482 2005 uolunt
500 1988 550 2013 per
574 1980 627 2006 1100
651 1981 679 2006 et
703 1987 731 2005 re
755 1988 822 2005 uera
845 1978 973 2012 intellegi
994 1978 1140 2010 Quirinum
1164 1978 1320 2011 Augustum
1345 1985 1410 2007 esse,

135 2017 252 2043 Remum
276 2023 343 2042 uero
362 2015 530 2049 Agrippam,
554 2015 602 2048 qui
624 2015 712 2041 filiam
736 2015 853 2049 Augusti
874 2037 879 2042 .
897 2037 901 2041 .
919 2035 923 2040 .
944 2014 1070 2048 Agrippa
1094 2013 1230 2040 secundis.
1267 2013 1321 2040 1100
1345 2021 1410 2046 ergo

135 2052 204 2078 dicit
224 2073 228 2077 .
247 2073 250 2078 .
269 2074 273 2078 .
295 2051 367 2077 curis
387 2050 494 2077 dieitur.
532 2050 619 2076 telum
645 2051 687 2076 est
712 2059 773 2077 cum
800 2050 925 2084 longiore
951 2050 1024 2076 ferro
1050 2049 1122 2076 unde
1149 2050 1177 2075 et
1203 2049 1305 2075 securis
1333 2048 1412 2082 quasi

135 2087 286 2113 semicuris.
336 2086 381 2112 uel
407 2094 424 2112 a
450 2086 579 2119 κοίρανος
608 2087 746 2120 (cyrano),
772 2086 817 2112 uel
848 2087 962 2119 propter
991 2085 1100 2119 generis
1130 2085 1283 2118 (generum)
1311 2084 1410 2110 nobili-

135 2124 230 2149 tatem.
278 2122 350 2148 Mars
381 2121 454 2148 enim
480 2143 484 2148 .
512 2143 516 2147 .
541 2140 547 2147 .
577 2121 715 2152 Quirinus.
744 2121 772 2147 P
790 2122 799 2154 ῙΙ
824 2124 856 2147 10
884 2121 1093 2147 sacrificabatur
1121 2121 1196 2146 0³⁶1)
1217 2122 1226 2154 ΙΙ
1251 2123 1282 2146 11
1311 2119 1411 2146 colitur

136 2159 161 2184 L
176 2159 185 2192 ΙΙ
202 2162 232 2184 12
247 2167 311 2184 uere
326 2158 357 2183 K
369 2159 378 2190 ΙΙ
392 2157 477 2183 Vesta
493 2178 498 2182 .
515 2178 520 2183 .
537 2178 542 2182 .
558 2157 692 2191 religione
708 2157 743 2183 F.
759 2156 920 2183 Schoelh'us:
939 2157 1048 2182 uastam
1062 2164 1129 2182 uero
1144 2155 1309 2190 religionem
1325 2155 1390 2181 libri

138 2197 169 2220 13
194 2193 253 2228 igni
278 2194 315 2219 M
335 2195 344 2227 ΙΙ
367 2193 395 2218 in
420 2192 547 2219 omnibus
649 2190 740 2222 ἑστίας
766 2201 814 2218 om.
839 2192 866 2218 Β
889 2193 898 2226 ΙΙ
923 2195 955 2218 14
981 2193 1048 2218 anot
1071 2202 1102 2217 xc
1122 2199 1212 2218 cerzac
1233 2192 1264 2217 K
1291 2199 1342 2217 ano
1366 2198 1410 2216 rec

137 2238 226 2256 (cmc
247 2229 273 2255 L
293 2239 346 2255 Ληο
365 2238 414 2254 mc
434 2237 501 2254 εΠΛ(
522 2228 554 2253 Η
573 2229 582 2261 ΙΙ
608 2223 639 2261 ἦρ
661 2235 709 2253 ver
727 2228 839 2260 scripsi:
864 2236 912 2253 om.
933 2227 959 2253 B
983 2229 1026 2260 est
1045 2227 1094 2253 ues
1109 2227 1157 2253 res.
1177 2236 1197 2253 r.
1218 2227 1251 2253 K
1270 2235 1299 2253 er
1318 2234 1366 2252 uer
1386 2225 1411 2250 L

137 2265 192 2297 (secl
211 2273 240 2291 er
260 2265 291 2291 in
308 2266 374 2297 ras.)
396 2264 432 2290 M
449 2273 492 2290 IEP
511 2272 559 2289 uer
578 2263 611 2289 H
630 2264 639 2297 ΙΙ
660 2260 782 2297 Ἐνετὸς]
803 2264 883 2289 netus
902 2263 929 2289 B
948 2264 1044 2289 enetus
1063 2263 1136 2289 KM
1152 2263 1270 2288 henftus
1289 2262 1315 2288 L
1334 2269 1410 2288 rene-

138 2301 182 2326 tus
201 2301 235 2326 H
253 2301 263 2334 11
286 2303 319 2326 17
338 2300 429 2326 Aetna
453 2300 484 2325 K
510 2299 622 2325 aethere
646 2298 692 2324 uel
716 2300 799 2331 aetna
820 2298 847 2324 B
876 2299 979 2325 aehtna
1003 2298 1028 2324 L
1057 2299 1159 2325 aethna
1183 2298 1216 2323 H
1240 2298 1323 2323 ethna
1351 2296 1386 2321 M

138 2339 172 2361 20
191 2335 258 2363 fieri.
296 2344 331 2362 an
351 2335 422 2362 sieut
440 2334 522 2361 multi
540 2334 697 2368 intelligere
716 2334 815 2360 nolunt
834 2333 857 2360 Ο

1425 672 1456 694 1⁴)

1431 940 1459 962 15

1428 1207 1461 1230 20
