1690 2611
203 128 367 156 LXXXVIII
732 123 950 151 PRAEFATIO.

205 211 456 245 commentarius
480 210 513 241 in
538 208 691 250 georgica
716 207 899 239 continetur
924 213 1054 237 INCIPIT
1074 211 1180 234 LIBER
1203 210 1330 234 PRIMVS
1355 211 1484 233 EXPLA-

204 275 387 298 RATIONVM
412 271 613 296 GEoRGICON
647 261 798 302 Virgilius
822 261 854 291 in
879 259 1017 300 operibus
1040 257 1106 289 suis
1134 256 1269 288 dnm-sos
1297 258 1414 287 secutus
1441 258 1485 288 est

200 323 317 362 poetas.
363 319 520 351 homerum
552 318 587 348 in
615 316 745 348 aeneade
773 324 860 354 quem
894 313 961 344 licet
993 312 1080 352 lonqo
1108 310 1271 342 interuallo
1299 312 1416 341 secutus
1443 312 1486 341 est

206 377 307 406 I‘anzen
332 400 338 405 .
364 398 370 405 .
395 399 401 406 .
425 373 612 413 scriptarum
639 380 742 401 rernm
771 367 925 400 exeeeutns
952 368 995 398 est
1018 365 1149 397 titulum.
1191 371 1355 395 EXPLICIT
1381 372 1485 395 LIBER

207 436 366 467 QVARTVS
383 453 389 459 .
405 435 536 458 INCIPIT
560 433 667 456 LIBER
691 431 815 454 PRIMVS
840 428 1023 452 AENEIDOS.
1070 418 1112 450 In
1140 417 1324 459 exponendis
1352 418 1484 449 auetori-

207 483 261 515 bns
284 482 356 514 haec
379 480 601 513 consideranda
624 480 697 510 sunt
721 502 726 508 .
748 501 753 507 .
774 501 780 507 .
805 475 860 507 fol.
886 473 964 506 164b
988 475 1120 505 nanu-ae
1144 472 1204 513 leye
1223 473 1345 512 poterat
1367 471 1410 502 sie
1433 470 1485 502 ho-

207 547 308 569 merus
337 543 502 567 EXPLICIT
532 540 717 565 EXPOSITIO
748 538 863 561 SERVII
897 536 1116 560 GRAMMATICI
1149 535 1186 557 IN
1214 533 1414 557 BVCOLICON
1441 533 1485 556 ET

208 599 321 622 LIBRIs
346 597 549 621 GEORGICON
575 595 690 624 ATQVE
715 592 917 616 AENEADVM.
959 582 1013 613 fol.
1036 580 1113 613 165³
1136 579 1297 622 praefatio
1322 577 1485 609 Aeneidos

207 645 326 676 iterum
352 643 472 684 scripta
497 644 559 681 est3
586 642 730 672 extrema
754 637 873 669 codicis
893 636 992 668 verba
1010 635 1065 667 snb
1088 645 1177 666 senen
1201 634 1235 665 in
1258 632 1400 664 bucolicis
1419 642 1486 663 eon-

207 699 355 738 strinyere
378 707 454 737 quae
479 706 534 737 per
562 694 719 734 iuniperos
747 691 817 723 nult
842 691 973 732 fiynrate
996 689 1129 729 intellegji
1157 688 1197 719 ad
1225 687 1295 718 buc.
1320 686 1349 717 X
1375 686 1415 717 76
1440 696 1488 726 sq.

208 752 381 793 pertinent.
424 750 463 782 cf.
493 748 591 780 schol.
615 747 710 779 Bern.
742 746 781 777 ad
810 745 879 776 buc.
908 743 938 775 X
964 743 1004 775 75
1025 754 1070 784 sq.
1113 742 1269 774 debentur
1297 740 1377 772 haec
1406 750 1487 781 quae

209 806 246 837 de
271 805 380 837 codice
395 804 460 835 dixi
477 800 676 833 Francisci
696 799 750 831 Ru
759 798 853 831 ehlii
877 797 1068 829 liberalitati
1087 796 1141 837 qui
1163 807 1182 827 a
1202 794 1367 826 Friderico
1391 793 1488 825 Scho-

210 860 254 891 lio
279 860 414 900 rogatus
440 856 581 888 codicem
607 865 689 885 anno
718 852 802 885 1875
827 852 976 893 inspexit.

299 912 501 944 Parisinus
528 909 613 941 7939
644 907 764 940 saeculi
788 906 866 938 noni
895 905 946 937 vel
978 904 1120 936 ineuntiS
1150 903 1279 943 decimi,
1309 902 1386 934 olim
1416 900 1489 933 001-

211 968 371 1007 beitinus,
396 966 428 997 in
454 964 518 996 212
543 961 740 994 membranis
769 960 892 992 formae
917 958 1092 1001 quadratae
1119 955 1223 988 Servii
1243 955 1491 987 commentarios

210 1022 244 1052 in
274 1019 423 1051 bucolica
452 1017 606 1059 georgica
634 1014 811 1047 Aeneidem
840 1012 994 1044 continet.
1041 1010 1198 1051 inscripta
1223 1011 1298 1041 sunt
1326 1009 1410 1040 libro
1435 1018 1491 1040 IHS

210 1083 340 1106 INCIPIT
366 1080 554 1104 EXPOSITIO
580 1078 692 1101 SERVII
709 1060 903 1099 GRffiATICI
918 1075 955 1097 IN
970 1073 1185 1110 EOCOLICON,
1210 1063 1393 1104 subscripta
1409 1071 1492 1094 COM-

212 1135 466 1160 MENTARIORVM
492 1133 607 1157 SERVII
633 1130 850 1154 GRAMMATICI
876 1129 911 1151 IN
926 1127 1102 1151 AENEIDOS
1122 1126 1271 1149 VIRGILII
1287 1125 1392 1147 LIBER
1407 1124 1493 1148 Dvo-

211 1190 362 1213 DECIMVS
387 1186 596 1211 EXPLICITVS
621 1185 807 1208 FELICITER
831 1183 959 1206 VTENTI
988 1181 1065 1204 PAX.
1108 1183 1144 1203 ex
1170 1170 1372 1212 singulorum
1396 1169 1493 1201 libro-

212 1247 283 1267 rum
308 1234 413 1266 titulis
439 1232 578 1273 exempli
603 1242 701 1263 causa
719 1230 780 1261 hos
796 1238 1013 1260 commemoro
1039 1226 1094 1267 qui
1119 1227 1193 1256 sunt
1212 1224 1290 1256 noni
1315 1226 1346 1255 et
1369 1224 1494 1265 decimi,

213 1289 276 1330 ipsi
302 1299 427 1330 quoque
452 1285 640 1318 maiusculis
664 1284 785 1315 litteris
811 1282 922 1323 scripti
948 1279 1244 1313 Commentariorum
1268 1277 1368 1309 Servii
1388 1288 1493 1318 qram-

212 1343 318 1374 marici
344 1343 376 1373 in
400 1341 552 1372 Aeneidos
581 1339 655 1370 liber
678 1340 804 1370 octauus
832 1336 904 1376 finit
931 1335 1039 1375 incipit
1062 1333 1194 1365 eiusdem
1222 1342 1322 1363 nonus
1350 1332 1382 1362 et
1407 1330 1494 1363 Com-

213 1396 433 1428 mentariorwn
466 1394 566 1426 Servii
593 1391 792 1434 yrannnatiei
822 1391 856 1421 in
879 1389 1025 1421 Aeneidis
1048 1387 1169 1428 nnyilii
1200 1386 1274 1417 liber
1303 1395 1403 1417 nonus
1425 1385 1497 1425 finit

215 1451 326 1491 incipit
358 1450 432 1480 liber
465 1448 605 1479 (lecimus.
653 1445 750 1477 codex
785 1444 852 1475 eius
878 1442 1005 1485 generis
1040 1443 1102 1482 est,
1135 1440 1224 1472 cuius
1258 1438 1494 1470 Laurentianus

214 1504 307 1547 (bibl.
332 1504 434 1535 sanct.
459 1512 540 1533 cruc.
566 1500 645 1541 plut.
670 1498 776 1539 XXII,
804 1497 835 1540 1)
865 1499 897 1528 et
920 1494 1181 1537 Hamburgensis
1206 1495 1238 1525 et
1263 1493 1386 1524 similes
1411 1493 1494 1523 sunt.

215 1558 339 1590 contuli
365 1568 437 1589 cum
458 1567 494 1587 eo
515 1554 740 1586 bucolicorum
770 1554 802 1583 et
830 1551 1056 1593 georgicorum
1085 1547 1353 1581 commentarium
1382 1548 1496 1578 totum.

215 1623 288 1644 cum
311 1610 465 1643 Aeneidis
495 1607 722 1641 commentarii
756 1607 875 1638 librum
904 1605 1044 1646 primum
1075 1602 1218 1634 conferre
1247 1601 1424 1642 coepissem
1454 1598 1496 1641 (v.

219 1666 356 1706 1—40),
381 1664 520 1695 codicem
545 1664 581 1694 ut
604 1661 780 1693 levioribus
805 1659 871 1691 illis
891 1658 1099 1690 librariorum
1115 1655 1276 1687 erroribus
1301 1654 1416 1695 quIbus
1437 1654 1495 1685 cri-

216 1720 273 1751 tici
298 1717 524 1751 commentarii
549 1716 687 1748 moleste
712 1715 886 1746 onerantur
910 1712 1015 1754 magis
1037 1721 1132 1752 quam
1158 1709 1239 1740 alios
1265 1708 1353 1740 illius
1379 1706 1495 1739 aetatis

216 1773 318 1805 libros
344 1782 451 1803 carere
477 1770 556 1810 vidi,
581 1770 628 1801 ita
652 1770 781 1810 praeter
810 1777 929 1809 paucas
955 1776 1034 1807 quas
1058 1764 1092 1795 111
1115 1763 1318 1804 praefatione
1342 1761 1495 1793 Aeneidis

217 1826 348 1858 exhibui
374 1825 549 1866 scripturas
570 1823 652 1854 nihil
668 1821 879 1854 memorabile
895 1819 1049 1861 praebere
1069 1816 1185 1848 inveni.
1227 1817 1296 1847 tum
1321 1815 1395 1847 aliis
1415 1815 1496 1846 locis

217 1891 289 1912 eum
314 1879 450 1920 inspexi.
493 1880 590 1918 atquc
615 1877 647 1908 in
673 1877 787 1917 quarto
813 1876 845 1906 et
869 1873 982 1915 quinto
1007 1872 1090 1903 libro
1112 1882 1184 1902 cum
1198 1869 1417 1901 Laurentiano
1437 1869 1496 1900 illo

219 1946 291 1966 eum
316 1933 356 1965 ad
385 1933 529 1964 litteram
558 1931 624 1962 fere
655 1929 849 1968 consentire,
880 1927 954 1958 inde
986 1937 1004 1957 a
1033 1926 1122 1956 sexto
1153 1924 1237 1955 libro
1262 1923 1437 1965 Reginensi
1466 1923 1498 1953 et

219 1987 380 2028 Lipsicnsi
405 1985 608 2017 simillimum
634 1994 702 2015 esse
728 1981 875 2023 cognovi.
928 1991 1025 2021 quare
1050 1978 1145 2010 omisi
1171 1978 1289 2009 codicis
1314 1975 1497 2008 conferendi

218 2041 377 2081 laborem,
402 2040 448 2071 ita
472 2041 582 2070 tamen
606 2039 642 2068 ut
667 2047 738 2068 eum
754 2035 976 2076 redintegrare
992 2033 1223 2065 constituerem
1247 2031 1311 2062 nisi
1335 2031 1369 2061 in
1392 2029 1498 2071 patria

220 2094 363 2126 eiusdem
388 2093 510 2124 ordinis
528 2094 623 2132 atquc
639 2089 809 2132 dignitatis
835 2089 936 2120 libros
961 2087 1161 2128 reperissem.
1204 2096 1300 2127 quam
1325 2094 1414 2125 spem
1434 2093 1498 2114 non

221 2148 259 2181 ad
283 2148 412 2179 irritum
439 2145 590 2177 cecidisse
620 2144 827 2176 vehementer
852 2143 962 2173 laetor.
1004 2141 1084 2185 haec
1107 2139 1268 2171 narranda
1292 2149 1361 2170 esse
1385 2136 1498 2178 putavi

221 2202 297 2244 quia
321 2212 400 2232 mus,
426 2199 527 2230 Ithcn.
552 2198 629 2229 XIV
655 2210 684 2238 p.
708 2198 786 2237 5:³15,
810 2207 872 2237 quo
898 2196 969 2227 loco
995 2195 1033 2226 de
1063 2193 1206 2235 vulgatis
1235 2192 1326 2224 libris
1355 2190 1499 2230 disserui,

222 2256 261 2287 ad
295 2253 552 2286 emendandos
578 2250 679 2282 Servii
712 2250 961 2283 commentarios
995 2249 1079 2280 hunc
1110 2247 1292 2279 Parisinum
1324 2245 1357 2276 in
1387 2244 1499 2285 primis

222 2309 335 2341 utilem
360 2318 429 2339 esse
454 2317 567 2348 parum
593 2307 667 2346 apto
693 2305 771 2336 dixi:
801 2304 954 2335 nImirum
979 2302 1157 2343 scripturae
1182 2299 1270 2330 illam
1295 2297 1498 2339 diligentiam

223 2374 285 2404 qua
310 2373 381 2393 cum
406 2361 566 2401 insignem
597 2370 666 2390 esse
695 2369 759 2390 non
787 2368 870 2399 nego
900 2357 1036 2389 nimium
1066 2353 1256 2387 admirabar.
1298 2350 1378 2383 illud
1401 2361 1499 2382 unum
