1690 2611
647 96 861 123 PRAEFATIO.
1142 111 1146 114 -
1251 98 1256 108 “
1302 99 1389 125 LXXI

117 179 199 210 iecto
223 179 409 220 inscriptos,
433 179 557 220 reliqua
580 179 712 210 nomina
737 189 752 210 e
776 179 932 210 librorum
958 180 997 210 ad
1017 181 1260 221 grammaticam
1286 183 1388 212 artem

117 232 333 273 spectantium
371 232 635 274 inscriptionibus
674 232 707 264 in
739 232 933 263 recentiores
968 233 1091 264 codices
1125 234 1278 265 arcessita
1311 245 1389 265 esse.

117 288 258 318 ceterum
287 289 323 318 ut
347 286 507 319 Honorati
536 297 716 328 cognomen
745 286 848 317 Servii
877 288 984 317 aetate
1014 287 1262 318 usitatissimum
1290 287 1389 319 fuisse

117 342 245 371 constat
267 340 314 371 ita
338 351 377 371 ne
400 340 506 372 Mauri
530 340 657 381 quidem
681 340 732 371 vel
756 339 852 370 Marii
876 350 1072 380 praenomen
1096 340 1270 381 quidquam
1295 341 1390 372 offen*

118 393 216 424 sionis
241 394 359 426 habere
385 405 494 426 eorum
518 394 650 426 nomina
674 393 789 425 docent
819 404 955 434 quorum
984 393 1086 425 libros
1112 395 1203 425 sexto
1229 395 1389 426 volumine

117 446 242 478 Keilius
273 448 458 489 complexus
487 449 544 478 est.
592 446 672 478 addo
703 447 742 478 ab
771 447 944 478 Ammiano
973 445 1160 478 Marcellino
1190 447 1247 478 XX
1273 449 1306 488 4,
1338 449 1390 489 183

118 500 210 532 XXV
237 502 264 542 1,
287 502 322 541 23
345 500 453 532 XXXI
478 501 531 541 10,
556 501 596 531 21
622 500 770 532 Maurum
796 501 956 542 quendam
983 501 1113 532 nomine
1139 502 1391 533 commemorari.

209 554 247 586 In
269 556 376 586 aetate
402 554 506 585 Servii
534 554 713 585 definienda
738 554 886 585 Andreae
915 554 1005 585 Bosii
1030 555 1113 585 ratio
1138 554 1305 595 probanda
1334 558 1391 595 est,

121 608 176 649 qui
200 607 253 650 (de
278 607 466 648 pontificatu
490 618 574 638 max.
598 608 710 648 imper.
733 607 824 638 Rom.
848 607 895 638 IV
915 607 949 648 4)
971 619 988 638 a.
1008 607 1166 639 Macrobii
1190 608 1391 648 temporibus

119 661 386 703 proficiscendum
411 672 479 692 esse
510 661 626 692 docuit.
668 672 772 702 neque
797 661 881 692 enim
907 661 1051 692 dubitari
1079 663 1188 703 potest
1217 661 1293 702 quin
1323 660 1391 692 Ser-

117 715 187 746 vius
213 726 306 756 quem
331 714 514 746 Macrobius
538 726 602 746 11011
627 715 724 746 nullis
750 714 1009 747 Saturnaliorum
1033 715 1111 747 locis
1136 715 1318 756 loquentem
1350 716 1391 745 fc-

117 769 196 800 cerit
220 768 260 799 ab
285 779 322 799 eo
352 768 441 799 cuius
470 768 503 799 111
531 768 713 809 Vergilium
743 769 967 800 comment-arii
983 772 1106 823 'extent
1129 780 1193 800 non
1223 769 1266 800 sit
1293 768 1392 799 diver-

117 820 212 864 sus.¹)
255 822 288 852 in
318 821 474 853 Macrobii
502 821 606 864 igitur
629 824 661 853 et
689 833 799 854 eorum
830 834 966 864 quorum
997 834 1160 854 sermones
1190 823 1245 854 ille
1274 822 1392 853 referre

118 887 152 907 se
176 875 308 906 simulat
331 877 478 916 tempora
503 874 605 906 Servii
630 877 717 907 aetas
743 876 864 907 incidit.
906 877 960 918 qui
980 877 1128 908 homines
1158 877 1274 918 quibus
1302 876 1392 907 annis

118 929 189 960 11311
213 928 329 970 quibus
345 929 464 960 mortui
480 928 546 959 sint
570 929 631 959 etsi
647 940 710 960 non
728 931 776 960 est
792 929 889 961 certis
905 930 1102 962 testimoniis
1118 930 1292 972 proditum,
1312 929 1392 960 illud

117 985 226 1014 tamen
253 984 382 1014 constat
411 982 581 1023 plerosque
614 993 722 1014 eorum
755 983 860 1014 medio
891 984 957 1014 fere
988 986 1103 1025 quarto
1134 984 1261 1015 saeculo
1293 983 1395 1014 lucem

119 1036 296 1078 aspexisse,
329 1036 503 1067 decessisse
537 1036 664 1067 circiter
694 1036 846 1067 vicesimo
881 1037 1079 1078 insequentis
1116 1037 1235 1069 saeculi
1269 1036 1394 1079 an1102‘).

118 1090 172 1132 qui
187 1089 248 1121 hac
267 1090 392 1122 ratione
407 1089 531 1121 inventi
547 1091 622 1121 sunt
638 1089 811 1121 Servianae
828 1090 945 1121 aetatis
961 1091 1091 1122 termini
1108 1091 1210 1122 eidem
1227 1101 1394 1133 argumen-

117 1144 160 1175 tis
185 1142 375 1184 quibusdam
392 1154 407 1174 e
423 1142 614 1184 Vergiliano
631 1143 863 1174 commentario
880 1144 992 1184 petitis
1009 1144 1252 1176 confirmantur.
1260 1143 1285 1186 3)
1320 1156 1394 1175 113111

117 1197 202 1228 inter
226 1197 400 1237 scriptores
425 1208 444 1228 a
468 1196 579 1228 Servio
609 1197 758 1228 laudatos
789 1195 843 1239 (cf.
869 1197 909 1228 ad
933 1197 1011 1228 Aen.
1037 1197 1065 1228 X
1090 1198 1154 1229 27?
1180 1200 1212 1229 et
1235 1198 1314 1239 388)
1347 1200 1396 1229 est

118 1250 231 1282 Rufius
254 1249 369 1282 Festus
393 1250 535 1281 Avienus
566 1250 620 1291 qui
655 1261 739 1281 anno
764 1250 828 1281 372
871 1262 929 1291 pro
959 1251 1090 1282 consule.
1118 1251 1150 1282 in
1177 1251 1300 1282 Achaia
1324 1251 1395 1282 fuit.

119 1304 156 1335 ad
183 1304 261 1336 Aen.
289 1303 339 1335 III
368 1304 410 1336 80
439 1304 522 1346 quod
552 1303 682 1335 Servius
711 1303 880 1335 adnotavit
908 1304 1006 1335 etiam
1037 1316 1092 1336 sua
1122 1307 1227 1336 aetate
1257 1305 1394 1346 impera-

190 1407 215 1439 1)
235 1406 268 1433 cf.
290 1406 346 1432 Sat.
366 1406 378 1431 Ι
398 1409 444 1437 24,
465 1409 498 1432 20
520 1405 665 1432 ‘Avienuse
692 1413 746 1431 non
767 1405 911 1431 adsumam
931 1406 1013 1438 1111111,
1033 1405 1085 1439 ait,
1106 1407 1137 1432 111
1169 1415 1251 1432 unam
1273 1406 1395 1439 aliquam

119 1446 153 1472 de
173 1445 337 1479 Virgilianis
356 1445 507 1472 virtutibus
527 1446 645 1472 audeam
665 1444 839 1479 praedicare,
860 1445 908 1471 sed
931 1445 1069 1472 audiendo
1086 1454 1276 1480 quaecumque
1297 1445 1396 1473 dicetis

118 1485 211 1519 siquid
231 1485 275 1512 vel
295 1485 327 1511 de
347 1485 391 1511 his
410 1485 479 1511 mibi
499 1485 640 1511 videbitur
660 1485 705 1511 vel
724 1484 885 1511 iamdudum
906 1485 1012 1519 legenti
1032 1486 1222 1512 adnotandum
1244 1486 1334 1512 visum
1354 1488 1395 1512 est

118 1525 281 1559 oportunius
302 1525 455 1559 proferam:
481 1525 563 1551 modo
584 1524 765 1551 memineritis
791 1534 807 1551 a
828 1525 923 1552 Servio
948 1527 1044 1552 nostro
1070 1527 1236 1560 exigendum
1262 1528 1293 1552 ut
1317 1526 1394 1559 quic-

119 1566 186 1599 quid
197 1566 345 1592 obscurum
356 1564 496 1591 videbitur
507 1564 586 1598 quasi
601 1564 789 1591 litteratorum
805 1565 929 1591 omnium
938 1566 1020 1600 longe
1032 1565 1169 1592 maximus
1184 1567 1276 1600 palam
1288 1566 1394 1593 faciat’.

121 1606 156 1631 VI
177 1610 201 1639 6,
224 1610 236 1632 1
259 1606 319 1632 ‘sed
338 1614 411 1632 nunc
430 1605 506 1632 dicat
525 1604 588 1631 volo
610 1605 721 1631 Servius
741 1614 811 1638 quae
832 1605 860 1631 in
879 1605 999 1639 Virgilio
1025 1606 1165 1632 notaverit
1188 1606 1224 1632 ab
1243 1606 1305 1639 ipso
1326 1607 1394 1640 figu-

118 1648 191 1679 rata,
217 1655 272 1672 non
291 1655 307 1672 a
331 1645 470 1672 veteribus
494 1647 622 1679 accepta,
651 1645 696 1671 vel
720 1652 788 1671 ausu
812 1645 922 1679 poetico
951 1654 1022 1672 nove
1052 1646 1163 1679 quidem
1193 1646 1240 1672 sed
1265 1646 1396 1672 decenter

117 1687 259 1720 usurpata.
294 1685 398 1712 cotidie
418 1685 491 1711 enim
511 1685 651 1711 Romanae
671 1685 757 1711 indoli
782 1685 935 1712 enarrando
961 1686 1079 1712 eundem
1102 1687 1196 1712 vatem
1216 1695 1328 1713 necesse
1353 1688 1396 1713 est

119 1726 222 1752 habeat
240 1725 322 1751 huius
343 1724 531 1752 adnotationis
551 1724 697 1751 scientiam
715 1725 938 1759 promptiorem'.
1062 1727 1089 1758 ⁶2)
1109 1725 1282 1752 Macrobium
1304 1726 1394 1760 ipsum

121 1766 205 1793 etiam
224 1775 326 1792 annum
343 1765 509 1792 CCCCXXII
529 1765 632 1792 vidisse
652 1765 836 1798 probabiliter
860 1765 1039 1792 coniecerunt
1057 1766 1111 1792 viri
1126 1766 1210 1793 docti.
1238 1767 1270 1793 cf.
1288 1768 1394 1800 quaest.

121 1807 196 1832 Serv,
216 1816 242 1840 p.
263 1809 304 1832 50.
338 1806 464 1832 Vettium
484 1805 693 1832 Praetextatum
718 1814 789 1832 anno
809 1804 1003 1831 CCCLXXXV
1037 1807 1180 1832 mortuum
1205 1815 1263 1833 esse
1283 1807 1313 1833 O.
1335 1807 1395 1833 Iah-

120 1845 182 1872 nius
201 1847 255 1872 act.
275 1854 330 1872 soc.
349 1845 422 1880 Lips.
444 1854 468 1872 a.
491 1849 556 1872 1851
583 1855 608 1879 p.
630 1848 681 1872 338
697 1855 757 1880 sqq.
782 1845 884 1872 docuit.
920 1845 1118 1878 Symmachum
1143 1846 1284 1881 Eugenius
1305 1847 1395 1874 Morin

120 1886 215 1918 (etude
234 1894 281 1911 sur
299 1886 327 1912 13
345 1886 390 1912 vie
410 1887 439 1912 01
458 1895 503 1912 sur
522 1885 563 1912 les
588 1885 670 1912 ecrits
691 1886 723 1912 de
745 1887 912 1920 Symmaque
934 1886 1010 1912 Paris
1032 1890 1099 1913 1847
1120 1896 1146 1920 p.
1167 1890 1183 1913 4
1202 1888 1230 1913 01
1251 1890 1294 1920 79)
1324 1896 1394 1914 anno

122 1925 236 1952 CCCXL
256 1927 364 1959 natum,
383 1934 455 1952 anno
475 1925 588 1952 CCCCX
608 1934 768 1959 supremum
788 1926 861 1952 diem
882 1925 984 1952 obiisse
1000 1926 1112 1959 statuit,
1132 1936 1148 1953 a
1168 1936 1223 1961 quo
1244 1928 1394 1954 Teuffelius

121 1966 185 2000 (litt.
215 1965 274 1992 Lat.
300 1965 363 1993 hist.
393 1968 407 1997 ξ
427 1969 478 1991 399
503 1966 596 1992 adnot.
618 1968 643 1999 3)
668 1966 707 1992 ita
732 1966 861 1993 dissentit
890 1969 928 1999 ut,
958 1967 1038 1993 illum
1068 1976 1092 1993 a.
1114 1966 1201 1993 CCCL
1230 1968 1340 1999 natum,
1370 1976 1394 1994 a.

121 2005 261 2032 CCCCXX
280 2006 420 2032 mortuum
439 2013 498 2032 esse
519 2006 602 2032 dicat.
636 2006 669 2032 de
684 2006 848 2034 Nicomachi
864 2007 989 2034 Flaviani
1010 2008 1101 2033 aetate
1122 2007 1156 2033 cf.
1172 2007 1323 2035 Teufl'elius
1344 2009 1360 2034 1.
1377 2009 1393 2034 l.

120 2049 135 2078 {5
154 2049 206 2072 402
226 2045 320 2072 adnot.
344 2049 364 2071 1.
395 2045 553 2079 Symmachi
580 2045 726 2079 epistolam
751 2047 815 2073 VIII
836 2051 868 2074 59
895 2048 990 2074 Servio
1015 2047 1178 2081 inscriptam
1203 2057 1262 2075 esse
1286 2057 1394 2074 moneo.

121 2086 154 2113 cf.
175 2086 253 2120 epist.
275 2086 286 2112 Ι
309 2090 318 2112 1
342 2087 371 2111 et
390 2085 465 2112 Serv.
486 2085 522 2111 ad
541 2085 607 2111 Aen.
627 2085 679 2112 VII
701 2090 759 2114 662,
869 2090 895 2121 3)
915 2087 989 2121 quod
1009 2089 1116 2121 quaest.
1137 2087 1213 2114 Serv.
1234 2097 1260 2122 p.
1282 2091 1314 2114 50
1335 2088 1393 2114 Ser-

120 2126 197 2153 vium
215 2125 352 2152 Macrobii
371 2125 518 2159 aequalem
533 2127 600 2152 natu
619 2125 755 2152 minorem
775 2127 859 2153 fuisse
876 2127 933 2153 dixi
951 2127 978 2153 id
998 2126 1081 2153 hodie
1097 2126 1155 2161 ipse
1171 2128 1269 2154 abicio.
1291 2127 1391 2154 etenim

120 2166 196 2200 quod
215 2166 374 2192 Macrobius
394 2165 528 2192 Serviano
549 2166 748 2193 commentario
768 2175 824 2193 non
849 2169 890 2193 est
910 2176 974 2193 usus
995 2167 1060 2193 inde
1080 2175 1134 2193 non
1154 2167 1279 2200 sequitur
1300 2168 1392 2193 Satur-

119 2206 196 2233 nalia
224 2207 288 2233 ante
319 2205 548 2232 commentarium
573 2206 649 2232 edita
675 2214 742 2233 esse.
778 2207 810 2232 cf.
843 2215 913 2240 quae
939 2215 1021 2240 supra
1046 2207 1079 2233 de
1109 2207 1232 2233 fontibus
1261 2206 1394 2233 Macrobii

122 2246 198 2272 dicta
217 2246 288 2272 sunt.
323 2245 432 2272 accedit
452 2245 527 2279 quod
546 2253 635 2279 neque
651 2254 704 2278 quo
721 2255 794 2273 anno
810 2246 968 2273 Satumalia.
983 2247 1087 2281 scripta
1107 2247 1162 2273 sint
1182 2248 1291 2273 constat
1306 2255 1394 2279 neque

121 2285 240 2312 iudicari
259 2286 352 2319 potest
369 2285 399 2311 in
417 2293 513 2311 eorum
533 2293 603 2318 quos
623 2285 695 2311 inter
715 2294 743 2312 se
759 2287 948 2320 colloquentes
967 2286 1035 2313 fecit
1050 2287 1132 2313 rebus
1151 2287 1187 2313 ad
1206 2286 1271 2312 libri
1290 2286 1331 2312 sui
1350 2294 1392 2312 ra>

121 2324 209 2351 tiones
229 2324 396 2358 adaptandis
418 2334 502 2358 quam
523 2324 665 2352 licentiam
685 2320 739 2353 sibi
759 2334 917 2353 concessam
937 2335 995 2353 esse
1015 2327 1155 2360 putaverit
1174 2325 1338 2353 Macrobius.
