1690 2611
211 140 273 167 XVI
739 139 955 167 PRAEFATIO.

209 222 335 254 Vrbaui
359 222 491 254 fuerunt
499 221 536 263 ¹):
561 233 642 264 quos
661 224 932 254 commentatores
953 233 1024 254 cum
1043 221 1153 253 nescio
1174 233 1238 263 qua
1256 222 1296 254 de
1310 233 1406 254 causa
1423 234 1488 254 11011

215 278 382 308 nominare
415 276 649 318 constituisset,
688 288 797 308 eorum
830 276 962 308 nomina
996 287 1037 307 ne
1070 275 1154 316 apud
1179 274 1325 307 Servium
1358 276 1488 317 quidem

212 333 320 361 extare
363 330 474 361 voluit.
544 329 672 361 eosdem
709 330 784 361 huic
821 329 1035 371 grammatico
1074 329 1322 360 commentarios
1359 331 1488 370 praesto

210 383 308 415 fuisse
337 383 454 425 quibus
483 382 612 415 Servius
641 394 718 414 usus
748 383 790 414 sit
818 382 878 414 hac
908 393 1034 424 quoque
1058 394 1092 413 re
1118 382 1313 422 ostenditur,
1342 383 1427 423 quod
1455 383 1489 414 in

210 437 398 469 Cassellano
427 437 550 478 aliquot
577 436 681 468 Servii
711 436 834 468 scholia
863 435 1087 477 ‘quibusdam’
1118 435 1282 476 adscripta
1306 437 1388 467 sunt.
1436 435 1489 478 (cf.

209 491 289 522 Aen.
313 491 328 522 Ι
352 491 430 531 273,
455 491 532 531 706,
569 490 601 521 II
627 491 655 531 7,
682 490 735 531 15,
759 490 799 521 51
832 501 903 521 011111
935 489 1143 520 adnotatione
1175 489 1310 530 critica.)
1365 489 1489 521 scilicet

210 544 320 575 eadem
353 555 435 585 quae
469 543 598 576 Servius
633 545 826 584 exposuerat
857 542 1011 584 plenioris
1045 542 1269 574 commentarii
1303 544 1415 573 auctor
1449 542 1488 573 ab

210 598 283 629 aliis
321 609 457 639 quorum
496 597 628 629 scholiis
666 597 818 628 utebatur
857 596 1011 627 adnotata
1045 596 1184 627 videbat.
1245 595 1368 627 accedit
1406 595 1489 637 quod

209 651 295 683 haud
333 651 445 692 paucis
479 651 559 682 locis
594 661 675 692 quae
713 650 745 681 in
784 650 930 681 breviore
964 649 1194 681 commentario
1228 649 1314 680 dicta
1347 651 1424 680 sunt
1456 649 1490 680 111

209 705 410 746 plenioribus
435 705 527 736 libris
557 704 717 735 iterantur
746 703 841 744 idque
866 704 913 734 ita
936 714 1000 734 11011
1024 713 1183 744 nusquam
1208 705 1244 734 ut
1268 702 1340 733 aliis
1364 702 1489 733 tributa

210 759 283 790 sint.
317 759 355 790 cf.
380 758 460 789 Aen.
484 758 499 789 I
523 758 587 789 448
613 756 657 798 (p.
680 757 750 798 146,
778 757 817 787 12
838 758 870 788 et
893 755 964 798 15),
988 756 1052 787 462
1077 754 1122 796 (p.
1144 756 1216 797 149,
1244 756 1283 787 12
1295 755 1365 797 sq.).
1393 755 1426 787 II
1445 756 1487 787 99

211 811 257 853 (p.
273 812 347 852 234,
363 813 382 843 5
398 815 430 843 et
445 810 491 854 8),
518 812 579 842 126
601 810 646 852 (p.
662 811 735 851 239,
753 811 792 842 16
810 809 879 852 sq),
903 810 966 841 348
991 807 1035 851 (p.
1051 810 1125 850 277,
1140 810 1159 841 3
1177 808 1246 852 sq.)‚
1271 810 1336 841 644
1355 809 1400 852 (p.
1415 810 1489 851 314,

212 866 227 896 7
255 867 287 896 et
314 866 377 907 12).
410 865 457 896 III
482 865 546 896 466
571 863 614 906 (p.
638 864 711 905 423,
737 866 755 895 6
772 870 865 905 sqq).
903 862 982 894 VIII
1007 863 1071 894 220
1095 863 1229 904 vulgato
1255 863 1378 895 scholio
1403 863 1487 904 quod

210 919 270 950 1100
295 922 344 950 est
369 918 562 959 ‘muratum’
582 929 641 958 pro
667 917 787 958 ‘gyrare'
807 918 928 958 posuit:
957 927 1032 948 nam
1057 915 1177 956 ‘grave'
1202 919 1245 948 est
1261 927 1319 956 per
1343 919 1486 948 naturam

204 973 418 1013 ponderosum
443 971 638 1013 ‘yravatum’
663 972 743 1011 qnod
765 973 910 1002 oneratur
929 970 1115 1001 extrinsecus
1139 969 1172 1000 in
1190 969 1215 999 F
1218 969 1388 1001 loriacensi
1412 970 1490 1001 haec

211 1026 320 1057 addita
351 1028 426 1057 sunt
453 1027 505 1057 secl
532 1026 658 1065 qnidam
687 1025 795 1056 melius
819 1022 1012 1065 ‘yravatunz’
1037 1033 1131 1062 (suam
1155 1021 1276 1063 ‘grave'
1301 1023 1413 1054 dict-mn
1445 1033 1491 1054 vo-

211 1079 290 1120 lunt,
315 1080 405 1119 quasi
427 1080 614 1111 extrinsecus
637 1079 710 1110 nodi
733 1079 796 1109 sint
821 1078 927 1109 additi.
975 1076 1055 1108 VIII
1079 1076 1143 1108 393
1168 1076 1201 1112 in
1225 1076 1429 1108 brevioribus
1454 1076 1491 1106 li-

210 1132 276 1163 bris
302 1133 381 1164 haec
405 1133 558 1174 leguntur
577 1132 726 1163 intellexit
745 1142 775 1162 se
793 1131 872 1162 dolis
891 1133 918 1162 et
931 1130 1160 1170 pulchritudine
1169 1130 1349 1170 pervertisse
1363 1131 1490 1161 mentem

209 1187 324 1217 mariti.
371 1197 429 1227 pro
458 1187 536 1218 dolis
563 1189 590 1217 et
615 1185 842 1225 pulelm'tndine
870 1184 904 1215 111
933 1183 1132 1215 Floriaoensi
1160 1183 1315 1224 scriptum
1344 1185 1393 1214 est
1424 1183 1490 1214 sola

205 1239 447 1280 μάθω-1111121110,
479 1239 631 1270 nimirum
660 1250 700 1269 ne
730 1237 840 1268 eadem
870 1237 1054 1268 viderentur
1084 1247 1165 1277 quae
1195 1236 1303 1267 addita
1333 1237 1409 1267 sunt
1432 1236 1491 1267 alii

209 1293 328 1324 duabus
359 1293 446 1324 rebus
476 1293 618 1324 Venerem
649 1291 754 1322 rolant
781 1291 928 1321 maritum
953 1290 1141 1330 adoressam,
1171 1289 1250 1321 dolis
1272 1292 1300 1321 et
1317 1289 1490 1330 pulchritu-

210 1347 281 1378 dine
305 1358 329 1378 e.
355 1358 384 1388 q.
409 1358 432 1377 s.
479 1346 559 1377 VIII
585 1345 649 1376 406
680 1344 805 1386 vulgati
836 1344 911 1375 libri
936 1343 1016 1374 haec
1041 1343 1194 1374 exhibent
1218 1355 1351 1375 commis
1365 1355 1492 1375 mmsis

212 1413 320 1432 σπι-,1110
343 1400 396 1431 hoe
420 1403 462 1431 est
484 1403 555 1431 ante
578 1398 737 1431 concubuit
760 1400 788 1428 et
810 1398 854 1428 sic
877 1397 991 1437 quievit
1014 1408 1038 1428 e.
1060 1408 1089 1437 q.
1109 1408 1133 1428 s,
1158 1397 1191 1427 in
1215 1396 1413 1428 Floriacensi
1438 1395 1490 1427 ad-

211 1454 330 1485 duntur
357 1454 416 1485 alii
445 1452 601 1493 ‘infimus'
632 1453 733 1493 leyunt
760 1454 795 1482 nt
822 1451 1010 1491 sefflvitieetnr
1038 1451 1131 1482 coisse
1160 1450 1228 1481 illos
1262 1452 1290 1481 et
1312 1450 1355 1481 sie
1378 1450 1490 1491 sopitos

211 1518 236 1538 e.
262 1519 290 1548 q.
315 1519 338 1538 s.
385 1507 520 1548 denique
549 1506 611 1537 huc
639 1505 781 1547 pertinet
810 1503 895 1545 quod
920 1503 1024 1535 Servii
1053 1503 1185 1534 scholiis
1216 1514 1309 1544 saepe
1334 1503 1490 1544 interpre-

212 1561 352 1591 tationes
377 1571 508 1601 prorsus
534 1559 645 1591 eodem
669 1558 838 1590 redeuntes
864 1557 1006 1588 adnexae
1030 1558 1113 1588 sunt.
1160 1556 1198 1587 cf.
1221 1556 1237 1587 I
1261 1556 1325 1588 335
1349 1555 1392 1597 (p.
1419 1555 1490 1596 119,

218 1615 251 1644 11
280 1616 312 1645 et
340 1614 405 1655 15);
435 1614 498 1645 539
524 1616 556 1645 et
581 1613 662 1653 5413
691 1612 754 1643 689
780 1613 811 1642 et
836 1610 909 1642 695.
956 1610 988 1641 II
1012 1610 1085 1651 419,
1110 1610 1183 1649 504,
1210 1610 1286 1651 7893
1314 1609 1361 1640 III
1386 1609 1414 1649 9,
1439 1608 1490 1654 34,

213 1668 263 1708 36,
288 1667 344 1707 39,
370 1668 486 1708 quibus
512 1666 666 1707 exemplis
692 1664 812 1696 similia
837 1664 939 1695 multa
963 1664 1099 1704 possunt
1123 1662 1270 1703 proferri.

303 1721 378 1751 Alio
403 1722 594 1763 argumento
619 1730 682 1760 quo
704 1717 807 1749 Servii
832 1716 1065 1748 commentario
1088 1715 1193 1747 aliena
1212 1715 1334 1746 scholia
1353 1715 1491 1746 inmixta

286 1846 312 1875 2)
338 1844 478 1870 Donatum
500 1844 529 1869 et
543 1842 686 1868 Vrbanum
702 1841 775 1867 inter
790 1840 908 1874 Vergilii
930 1840 1162 1866 commentatores
1177 1847 1296 1873 magnae
1315 1837 1491 1865 auctoritatis

214 1885 299 1910 fuisse
328 1884 392 1910 inde
417 1883 591 1916 intellegitur
616 1882 689 1915 quod
715 1890 731 1907 a
755 1880 851 1907 Servio
875 1879 984 1914 saepius
1009 1888 1093 1913 quam
1122 1879 1206 1906 ceteri
1234 1879 1492 1905 commemorantur.

216 1925 319 1951 Donati
344 1923 574 1950 commentarium
601 1922 693 1956 priore
717 1921 802 1946 medii
821 1920 895 1953 quod
915 1920 1031 1946 vocatur
1050 1919 1113 1945 aevi
1132 1919 1212 1952 parte
1231 1918 1356 1945 extitisse
1375 1926 1430 1944 non
1450 1925 1491 1944 so-

218 1965 273 1990 lum
295 1965 448 1990 'l'uroneusi
474 1963 580 1990 scholio
605 1962 679 1995 quod
704 1970 787 1994 supra
811 1959 956 1993 exscripsi,
980 1959 1026 1985 scd
1052 1959 1114 1985 aliis
1138 1958 1317 1990 testimoniis,
1342 1967 1413 1992 quae
1438 1958 1492 1984 suis

216 2004 285 2031 locis
306 2005 457 2038 proferam,
479 2002 641 2030 ostenditur.
658 2017 690 2020 —
708 2001 849 2027 Vrbanum
869 1999 1039 2026 Ribbeck-ius
1059 1999 1139 2032 (prol.
1159 2009 1184 2033 p.
1207 2000 1267 2032 167)
1287 1999 1369 2025 Velio
1387 1998 1493 2032 Longo,

217 2045 264 2078 qui
285 2045 344 2078 ipse
364 2053 380 2070 a
395 2044 486 2070 Gellio
505 2042 605 2076 (XV111
621 2045 645 2075 9,
659 2043 687 2074 4)
709 2041 953 2073 commemoratur,
973 2039 1158 2073 antiquiorem
1178 2039 1262 2065 fuisse
1277 2038 1407 2071 coniecit,
1427 2036 1492 2071 quia

218 2083 293 2110 illius
314 2084 348 2110 ad
369 2085 436 2110 Aen.
454 2084 477 2109 V
493 2086 543 2109 517
565 2081 718 2113 adnotatio,
739 2090 821 2114 quam
842 2080 952 2106 Servius
970 2080 1106 2113 laudavit⁷
1126 2079 1216 2113 Longi
1235 2078 1352 2111 scholio,
1372 2077 1446 2111 quod
1466 2076 1494 2102 in

218 2124 371 2150 Veionensi
397 2123 491 2150 codice
517 2124 551 2149 ad
577 2132 600 2149 v.
622 2124 672 2148 488
698 2122 787 2153 extat,
812 2121 995 2154 suppleretur.
1033 2128 1129 2146 verum
1152 2118 1265 2153 quidem
1285 2119 1327 2145 est
1343 2118 1457 2152 poetam
1477 2125 1494 2143 a

219 2164 333 2190 Cornuti
358 2164 565 2197 vituperatione
591 2163 634 2195 (cf.
656 2161 740 2188 schol.
762 2161 873 2194 Veron.)
897 2161 985 2186 multo
1010 2160 1172 2194 prudentius
1196 2167 1212 2184 a
1231 2159 1326 2192 Longo
1350 2165 1433 2191 quam
1457 2156 1492 2183 ab

216 2204 330 2231 Vrbano
350 2204 493 2230 defensum
515 2212 586 2235 esse,
614 2210 704 2236 neque
723 2202 817 2228 tamon
839 2200 902 2226 inde
922 2200 1046 2233 sequitur
1065 2200 1138 2225 hunc
1157 2200 1222 2225 ante
1240 2198 1319 2224 illum
1341 2197 1492 2230 scripsisse.

220 2244 305 2271 immo
330 2253 391 2271 cum
417 2252 450 2269 ea
473 2252 544 2277 quae
565 2242 675 2269 Servius
695 2251 727 2268 ex
747 2241 851 2268 Vrbani
876 2239 1075 2267 commentario
1095 2237 1231 2272 excerpsit
1250 2236 1285 2263 ab
1304 2235 1492 2270 antiquiorum

217 2285 399 2318 interpretum
429 2283 556 2310 doctrina
586 2285 614 2309 et
643 2282 745 2308 iudicio
774 2282 906 2315 pleraque
936 2279 1027 2306 aliena
1056 2279 1123 2311 sint,
1152 2277 1253 2304 rectius
1278 2285 1340 2303 eum
1364 2275 1492 2302 inferiore

217 2326 320 2358 aetate,
340 2324 367 2350 id
389 2325 432 2350 est
451 2324 549 2357 quarto
570 2323 626 2349 fere
646 2322 770 2355 saeculo,
792 2321 909 2355 Vergilii
925 2320 1049 2347 earmina.
1063 2318 1280 2345 commentatum
1295 2325 1354 2342 esse
1369 2317 1492 2342 statuere

216 2365 318 2391 videor.
