1690 2611
225 119 274 146 XX
752 119 968 146 PRAEFATIO.

225 203 286 234 late
309 213 406 243 ressoner
430 203 560 242 belloque
582 202 745 243 superbum
768 205 930 234 vernarum
953 203 1067 234 excidio
1091 203 1207 243 Libyae
1230 204 1273 235 sio
1295 204 1408 236 volvero
1425 215 1501 245 par-

225 256 292 288 cas'
311 257 345 288 *in
361 256 456 287 Probi
475 256 622 296 adpunctt
639 258 713 287 sunt
730 258 758 287 et
780 257 1008 287 adnotandum:
1027 256 1060 287 1ιί
1079 257 1138 288 dno
1157 257 1184 288 si
1203 257 1386 296 eximantur,
1406 257 1502 289 nihilo

226 311 330 341 minvs
360 320 466 341 sensus
496 310 608 350 inteyer
631 310 696 341 erit.
746 310 798 341 sed
825 309 977 350 Veaeyilius
1007 312 1093 341 amat
1121 310 1211 341 aliud
1236 321 1328 351 ayens
1358 312 1439 342 extre
1468 312 1503 343 <in

227 364 331 394 laudes
344 363 454 403 populi
468 363 606 394 Romani
625 374 684 404 pro
704 363 915 395 adnotandum
935 363 1089 394 ediderim
1103 364 1292 395 adnotatum.
1317 375 1335 395 a
1351 363 1502 406 Scioppio

226 416 258 447 id
283 417 449 447 inventum
475 427 543 447 esse
568 416 642 457 dixi,
667 417 721 448 sed
746 419 920 458 antequam
945 417 1012 448 eius
1036 417 1154 448 librum
1178 417 1368 458 inspicerem
1393 418 1439 450 sic
1463 419 1502 450 ab

227 481 263 502 eo
294 470 348 511 qui
374 470 472 501 Probi
502 470 697 502 sententiam
722 470 870 511 exposuit
893 471 1050 511 seriptum
1075 482 1144 502 esse
1168 471 1249 502 mihi
1273 482 1504 512 persuaseram.

228 535 304 555 nam
330 523 390 555 etsi
414 535 479 555 non
502 524 618 565 ignoro
644 524 676 555 in
701 523 944 556 Veronensibus
970 524 1102 556 scholiis
1126 525 1338 556 adnotandam
1361 527 1404 556 est
1425 525 1506 556 illud

227 577 364 609 inveniri
395 576 447 619 (cf.
471 577 518 608 IX
543 578 621 618 402,
646 577 675 608 X
700 578 740 609 63
766 580 798 608 et
822 575 912 620 207).
940 579 1050 608 tamen
1080 580 1112 608 et
1136 577 1221 619 apud
1246 576 1391 609 Servium
1417 580 1449 610 et
1473 578 1504 609 in

227 631 427 673 plenioribus
456 631 547 662 libris
578 642 649 662 cum
674 631 897 662 memorabilis
923 631 1081 672 quaedam
1105 642 1155 662 res
1180 631 1342 672 profertur
1365 643 1424 673 pro
1449 632 1507 663 illa

228 685 368 716 formula
387 686 555 716 notandum
571 687 615 716 est
636 684 755 715 vidisse
779 695 830 715 me
854 684 996 715 memini.
1025 684 1136 716 deinde
1161 696 1272 716 omnes
1297 685 1381 726 quod
1406 686 1507 717 sciam

229 739 425 770 scholiastae
449 739 516 769 sive
540 739 751 769 adnotandum
776 741 818 769 est
842 738 907 769 sive
931 739 1101 770 notandam
1125 741 1168 770 est
1190 741 1377 780 posuerunt,
1401 739 1506 770 infini-

228 795 296 824 tam
322 792 517 824 sententiam
543 793 598 823 aut
624 791 738 832 ‘quod'
760 793 816 822 aut
836 791 943 833 ‘quia’
969 792 1058 833 sequi
1082 792 1263 824 voluerunt.
1302 794 1414 824 contra
1428 792 1508 824 Aen.

230 846 275 877 IV
300 846 363 877 418
389 845 467 877 haec
492 845 592 876 habes
618 845 738 876 Probus
761 855 834 876 sane
857 845 900 876 sic
924 846 1083 877 adnotavit
1106 845 1148 877 ‘si
1171 846 1252 878 leuno
1275 856 1395 877 versum
1419 847 1507 877 onat-

230 902 301 931 teret
323 899 432 931 molins
453 898 586 938 s'eoisset'
612 901 644 930 et
667 898 695 929 X
721 899 784 930 673
809 898 909 939 Asper
934 898 1076 938 ‘quosne’
1102 900 1173 940 Zeyz‘t
1195 902 1222 931 et
1244 900 1404 931 adnotavit
1427 899 1508 931 “ne’

226 964 285 993 pro
310 952 374 984 ‘re’
398 953 488 993 quast
512 953 661 993 expletiva
683 951 854 992 parte'cnla’
890 954 922 983 et
954 952 1015 983 XII
1041 953 1105 984 605
1138 953 1259 985 Probus
1286 954 1330 984 sio
1353 954 1512 985 adnotavit

231 1007 428 1038 ‘neotericam
452 1009 518 1038 erat
541 1005 678 1047 ‘slavos',
712 1016 779 1045 erqo
804 1006 874 1037 bene
899 1005 1040 1045 ‘florusfl
1078 1016 1152 1037 naon
1185 1007 1321 1047 seqnitur
1351 1006 1390 1038 ‘et
1407 1017 1509 1038 *roseas

231 1061 351 1092 laniata
379 1060 490 1101 glenns'
521 1071 545 1091 e.
570 1072 598 1101 q.
625 1072 648 1091 s.
686 1060 796 1101 itaque
820 1060 920 1091 verba
944 1070 1024 1100 quae
1050 1062 1126 1091 sunt
1149 1060 1182 1091 la
1205 1061 1279 1092 dno.
1296 1086 1301 1092 .
1318 1061 1438 1101 .popnli
1452 1060 1510 1092 Ro-

230 1115 318 1146 mam¹
346 1115 448 1155 ipsius
473 1113 570 1145 Probi
601 1124 670 1144 esse
700 1113 864 1154 existimo3
897 1124 973 1144 nam
1002 1114 1149 1154 paenitet
1177 1125 1228 1145 me
1258 1114 1343 1155 quod
1369 1125 1407 1146 ea
1432 1125 1513 1155 quae

231 1170 308 1199 sunt
330 1168 382 1199 sed
411 1168 582 1208 Verfft'lius.
599 1193 604 1198 .
621 1178 711 1207 ,11011
735 1166 824 1199 Rom.
854 1178 934 1208 quae
964 1169 1038 1198 ante
1068 1167 1207 1199 diductis
1232 1168 1352 1199 litteris
1377 1167 1514 1208 exprimi

232 1222 402 1262 iusseram,
436 1221 483 1252 ita
511 1221 583 1252 dedi
613 1222 781 1262 tamquam
807 1221 874 1252 eius
900 1222 1008 1252 essent
1033 1221 1087 1262 qui
1111 1220 1210 1252 Probi
1235 1221 1433 1252 sententiam
1457 1221 1514 1252 im-

231 1275 369 1317 pugnari
398 1274 508 1314 vellet,
542 1285 613 1306 eum
645 1274 836 1315 praesertim
869 1274 990 1306 locutio
1024 1285 1105 1315 quae
1137 1276 1186 1306 est
1211 1274 1312 1306 ‘exire
1344 1275 1378 1306 in
1402 1274 1513 1306 laudes

232 1328 394 1369 alicuius',
431 1340 495 1370 qua
520 1327 740 1365 Quintilianus
775 1326 865 1370 (inst.
895 1338 938 1359 or.
963 1327 1053 1369 XI2,
1072 1328 1125 1369 11)
1150 1340 1226 1359 usus
1253 1331 1310 1369 est,
1336 1328 1514 1370 elegantior

235 1383 291 1423 sit,
326 1394 422 1423 quam
456 1383 492 1413 ut
525 1381 687 1412 inferioris
723 1381 840 1412 aetatis
874 1381 1068 1412 scholiastae
1106 1381 1279 1413 tribuatur.
1335 1382 1513 1413 rectissime

235 1438 341 1467 autem
372 1447 443 1467 meo
473 1435 601 1477 quidem
631 1434 748 1466 iudicio
779 1434 976 1466 Ribbeokius
1009 1434 1104 1476 (prol.
1129 1446 1158 1476 p.
1186 1434 1263 1477 152)
1296 1435 1335 1466 ad
1364 1447 1392 1467 v.
1417 1436 1456 1466 21
1484 1437 1516 1466 et

233 1490 276 1521 22
302 1502 320 1520 a
345 1489 450 1520 Probo
475 1488 605 1520 obelum
629 1500 701 1520 cum
726 1490 846 1529 puncto
871 1488 1055 1529 adpositum
1081 1500 1213 1530 eamque
1237 1490 1350 1520 notam
1375 1489 1512 1530 explica-

233 1545 300 1574 tam
330 1553 398 1574 esse
428 1542 551 1574 statuit.
603 1542 774 1573 dubitabat
802 1542 953 1573 nimirum
983 1543 1214 1583 grammaticus
1244 1544 1351 1574 utrum
1377 1542 1513 1574 tollendi

235 1599 343 1628 essent
367 1596 415 1627 illi
440 1607 550 1627 versus
574 1607 688 1627 necne:
714 1606 788 1627 nam
813 1598 848 1627 ut
873 1596 1011 1637 demptis
1036 1596 1082 1627 eis
1107 1606 1237 1627 sensum
1261 1596 1424 1637 integrum
1444 1607 1513 1627 esse

236 1650 381 1690 videbat,
412 1650 458 1681 ita
485 1652 615 1691 poetam
641 1649 927 1691 quotienscumque
953 1649 1078 1680 occasio
1103 1649 1214 1681 oblata
1239 1651 1324 1680 esset
1348 1649 1380 1679 in
1404 1648 1513 1680 laudes

234 1704 344 1745 populi
369 1703 507 1735 Romani
532 1704 636 1734 exisse
660 1714 725 1734 non
750 1703 931 1743 ignorabat.
979 1713 1015 1733 ex
1041 1702 1091 1733 his
1117 1713 1198 1743 quae
1223 1702 1286 1733 dixi
1313 1701 1410 1733 simul
1435 1702 1514 1733 illud

235 1757 445 1797 intellegitur,
471 1768 566 1798 quam
591 1768 655 1788 non
681 1756 845 1787 adsentiar
870 1755 1002 1797 Steupio
1029 1754 1081 1798 (de
1107 1756 1221 1787 Probis
1246 1767 1274 1796 p.
1291 1756 1329 1787 31
1345 1755 1436 1797 sqq),
1461 1756 1515 1797 qui

237 1822 306 1842 cum
329 1809 475 1841 Suetonii
492 1810 725 1849 testimonium,
742 1809 881 1840 Probum
899 1809 1068 1849 Berytium
1094 1810 1196 1840 multa
1221 1809 1418 1850 exemplaria
1442 1820 1514 1840 con—

237 1866 341 1895 tracta
366 1863 538 1894 adnotasse
563 1863 737 1902 narrantis,
762 1863 808 1894 ita
831 1863 1064 1903 interpret-(itus
1090 1865 1187 1903 esset,
1212 1863 1304 1904 quasi
1328 1864 1421 1894 notas
1446 1864 1516 1894 tan-

237 1920 306 1948 tum
333 1917 537 1957 adposuisset
556 1917 797 1958 grammaticus,
822 1916 987 1947 uberiores
1008 1916 1232 1947 adnotationes
1253 1916 1370 1948 minori
1391 1916 1516 1947 cuidam

236 1971 356 2010 Probo,
391 1981 484 2011 quem
515 1970 599 2001 haud
630 1970 677 2001 ita
706 1970 808 2000 multo
839 1971 913 2010 post
938 1969 1105 2010 Berytium
1136 1969 1235 2000 fuisse.
1264 1970 1370 2011 finxit,
1393 1970 1516 2001 tribuit.

237 2024 273 2055 cf.
300 2023 459 2055 Kirchncr
484 2023 502 2054 l.
530 2024 548 2054 1.
584 2035 612 2064 p.
640 2024 704 2055 498
721 2034 788 2064 sqq.
841 2022 895 2053 sed
921 2025 957 2054 ut
982 2034 1018 2054 ea
1043 2034 1125 2064 quae
1150 2034 1165 2054 e
1190 2023 1333 2064 pleniore
1358 2034 1516 2055 commen-

237 2077 320 2108 tario
346 2088 416 2108 oum
443 2077 550 2117 aliqua
575 2077 807 2118 probabilitate
833 2076 870 2107 ad
887 2076 1027 2107 Probum
1053 2076 1165 2107 referri
1190 2076 1358 2108 videantur
1382 2087 1516 2108 comme-

238 2142 369 2171 morem,
393 2130 541 2161 Donatus
567 2130 605 2161 ad
631 2130 701 2161 Ter.
727 2130 856 2161 Phorm.
881 2129 911 2161 Π
937 2131 966 2170 3,
992 2130 1033 2161 25
1065 2130 1164 2161 ‘male
1189 2129 1293 2172 loqui'
1317 2129 1397 2161 haec
1421 2129 1516 2160 aduo-

238 2183 321 2215 tavit
342 2194 399 2223 pro
424 2183 519 2214 ‘male
542 2183 663 2215 (licere’.
701 2185 729 2214 et
750 2183 871 2223 quaerit
885 2183 1004 2215 Probus
1027 2184 1096 2223 qais
1115 2186 1185 2214 anto
1202 2183 1376 2214 Terentium
1395 2183 1515 2213 dt'xert't.

240 2237 366 2268 videtur
396 2237 496 2275 igitur
521 2237 645 2268 Probus
677 2247 806 2277 operam
837 2236 960 2268 dedisse
986 2239 1020 2268 ut
1044 2237 1115 2278 quis
1141 2237 1262 2277 primus
1288 2235 1442 2266 vocabulo
1468 2235 1517 2266 vel

239 2290 400 2321 locutione
431 2290 537 2331 aliqua
568 2302 642 2321 usus
668 2291 753 2321 esset
778 2290 1037 2331 investigaretur.
1075 2289 1169 2321 huius
1194 2288 1290 2319 studii
1315 2288 1347 2318 in
1372 2287 1516 2328 pleniore

240 2343 472 2375 commentario
504 2344 582 2374 satis
613 2344 715 2374 multa
745 2346 853 2374 extare
884 2344 1021 2384 vestigia
1051 2341 1309 2383 Wollcnbergius
1335 2339 1386 2383 (de
1410 2341 1517 2373 Probo
