1690 2611
446 111 558 138 COMM.
580 111 618 137 IN
638 109 744 137 VERG.
764 110 849 137 AEN.
869 110 888 136 Ι.
909 114 1058 137 431—438.
1330 111 1393 141 143

211 142 225 152 n

202 193 275 225 435.
314 201 473 224 IGNAVVM
504 193 634 234 inutile,
664 204 727 224 non
753 194 864 233 aptum
889 191 1080 233 industriae3
1112 204 1192 227 nam,
1219 192 1393 223 industrios

112 258 212 278 navos
236 246 380 278 dicimus.
471 254 580 278 FVCOS
611 246 783 277 secundum
808 245 950 276 Plinium
980 257 1076 286 apum
1104 246 1207 276 multa
1237 248 1312 276 sunt
1342 255 1394 287 ge-

70 321 71 325 =
112 311 197 331 nera.
243 300 372 341 proprie
396 301 507 330 tamen
531 310 606 340 apes
630 300 785 331 vocantur
814 301 904 330 ortae
928 298 966 330 de
991 299 1108 339 bubus,
1138 298 1202 329 fuci
1228 298 1266 329 de
1296 299 1394 340 equis,

115 354 287 385 crabrones
318 353 356 385 de
381 353 490 394 mulis,
519 364 634 393 vespae
663 352 702 383 de
731 353 838 384 asinis.
885 352 975 384 fucus
1005 354 1113 383 autem
1143 353 1192 382 est
1221 351 1394 383 secundum

115 407 290 438 Aemilium
314 406 457 437 Macrum
488 406 611 437 maior
639 417 723 446 ape,
753 406 938 437 crabrone
967 405 1098 436 minor.
1189 414 1295 437 PEcvs
1320 406 1394 437 dici-

113 472 183 491 mus
208 471 301 492 omne
327 460 410 501 quod
434 460 575 491 humana
604 459 715 500 lingua
745 461 776 490 et
801 459 907 500 effigie
933 461 1033 499 caret,
1062 459 1097 490 ‘id
1123 461 1166 490 est
1193 469 1213 489 α
1235 460 1395 499 pascendo.

113 514 196 545 unde
228 514 385 546 Horatius
419 524 524 544 omne
558 524 638 544 cum
671 512 833 544 Proteus
868 523 983 553 pecus
1018 512 1100 553 egit
1133 512 1235 543 altos
1269 512 1394 543 visere

113 569 270 598 montes.
316 566 452 598 Plautus
480 566 666 598 clurinum
690 576 801 606 pecus
829 566 956 597 simiam
984 565 1071 596 (Ζίθείί.
1164 573 1394 596 PRAESEPIBVS

114 620 275 651 alveariis.
321 622 354 651 et
378 622 428 651 est
452 619 638 660 translatio,
668 630 750 660 quae
780 619 817 650 fit
846 619 995 659 quotiens
1026 618 1076 649 vel
1106 618 1196 650 deest
1225 619 1394 650 verborum

112 674 308 714 proprietas,
332 673 382 704 vel
407 673 528 704 vitatur
552 672 691 704 iteratio.

201 727 275 758 436.
313 735 449 758 FERVET
474 726 730 766 concelebratur,
760 727 796 756 ut
820 727 933 756 contra
963 724 1092 766 ‘friget’
1117 727 1222 756 cessat
1251 725 1396 767 dicimus,

113 782 150 811 ut
173 780 342 811 Terentius
366 780 544 811 nimirum
569 779 630 810 hic
654 779 828 811 homines
853 779 1009 820 frigent.
1097 792 1249 810 REDOLENT
1270 780 1395 819 qnidam

114 835 192 866 olere
225 844 272 865 res
304 834 349 865 vel
381 834 482 865 malas
510 834 554 864 vel
587 833 696 874 bonas,
728 833 859 864 redolere
891 835 1011 864 tantum
1044 832 1138 863 bonas
1172 833 1307 864 tradunt.

114 895 340 918 FRAGRANTIA
365 887 514 928 quotiens
540 887 723 918 incendium
749 886 964 928 significatur,
989 886 1073 927 quod
1098 886 1177 917 flatu
1203 886 1316 927 alitur,
1340 897 1397 927 per

115 940 148 971 ‘l'
166 941 314 981 dicimus,
331 940 479 981 quotiens
501 940 586 998 odor,
604 940 658 981 qui
678 940 781 971 fracta
801 940 906 981 specie
927 940 1028 971 maior
1044 941 1102 980 est,
1117 951 1174 980 per
1190 938 1229 970 ‘r’
1250 939 1395 970 dicimus.

115 994 291 1025 sciendum
308 1005 383 1025 sane
412 993 494 1024 nihil
524 992 557 1023 in
585 992 645 1023 hac
674 1003 786 1024 vacare
818 993 1058 1033 conparatione.
1108 1003 1185 1023 nam
1214 992 1396 1024 Poenorum

115 1047 205 1087 operi
230 1058 325 1088 apum
350 1046 456 1087 labor,
487 1045 650 1077 custodiae
680 1046 812 1077 litorum
842 1047 1002 1102 adversum
1031 1046 1221 1086 (ιῖιθνιί981π15
1250 1046 1396 1077 fucorum

115 1102 309 1141 conparatur
333 1071 488 1140 expulsio.

203 1153 277 1184 437.
315 1162 336 1185 o
363 1162 562 1184 rORiVNAri
586 1161 731 1190 Qvouvn
758 1162 819 1184 IAM
841 1162 976 1185 MOENIA
999 1162 1160 1184 SVRGVNT
1180 1153 1261 1184 bene
1283 1153 1398 1184 ‘fortu-

115 1206 210 1245 nati’,
235 1206 310 1248 quia
334 1206 398 1237 iam
423 1206 546 1237 faciunt
571 1206 653 1247 quod
678 1207 747 1247 ipse
771 1207 940 1238 desiderat.
1031 1221 1045 1238 0
1067 1220 1232 1239 1³0R1'rnxw1
1252 1207 1398 1246 expressit

115 1260 237 1291 Aeneae
260 1260 450 1292 desideriunt
543 1272 662 1295 ιμόηιῃιι
681 1273 737 1291 IAM
757 1273 866 1293 nomm
890 1274 1028 1292 smemwr
1051 1260 1120 1291 laus
1143 1260 1188 1291 vel
1211 1260 1249 1291 ab
1275 1261 1341 1300 ipsa
1366 1271 1398 1291 rc

115 1314 248 1345 smnc'tur
271 1324 347 1353 quae
372 1313 527 1345 laudatur.
1269 1308 1277 1311 μ’

203 1367 277 1399 438.
316 1375 476 1398 FASTIGIA
497 1378 581 1397 nunc
602 1367 707 1408 operis
729 1367 947 1408 summitates,
968 1367 1046 1398 alibi
1071 1367 1136 1398 ima
1161 1366 1338 1406 significat,
1362 1368 1398 1397 ut

120 1421 288 1452 forsitan
314 1422 351 1450 et
375 1420 577 1451 scrobibus
603 1431 696 1461 quae
722 1421 801 1451 sint
830 1420 995 1461 fastigia
1025 1431 1199 1461 quaeras.
1291 1428 1398 1451 SVSPI-

121 1482 177 1504 011
202 1474 352 1514 miratur,
376 1475 412 1504 ut
435 1484 451 1504 e
476 1473 637 1504 contrario
662 1473 829 1514 ‘despicit'
855 1473 1032 1505 contemnit
1056 1474 1225 1515 significat.

188 1609 202 1631 2
227 1605 377 1631 secundum
402 1605 536 1638 Plinium]
562 1606 617 1630 nat
638 1605 702 1630 hist.
725 1604 761 1631 XI
781 1608 829 1633 20
850 1608 881 1631 70
905 1606 914 1638 ΙΙ
938 1608 952 1630 3
978 1606 1090 1639 proprie
1109 1607 1203 1632 tamen
1224 1625 1228 1630 .
1246 1626 1250 1630 .
1269 1626 1273 1630 .
1294 1605 1397 1638 minor]

118 1650 202 1667 exscr
223 1641 286 1666 lsid.
308 1640 376 1674 orig.
398 1640 447 1666 XII
467 1643 492 1671 8
512 1643 526 1665 2
549 1641 577 1666 et
596 1644 610 1666 3
635 1642 681 1673 115
667 1649 785 1673 specus
804 1640 920 1666 dicimus
942 1662 946 1666 .
964 1664 968 1668 .
986 1661 991 1666 .
1014 1641 1101 1675 caret]
1122 1649 1206 1667 exscr.
1223 1641 1301 1667 Luct.
1322 1640 1397 1666 Plac.

119 1677 154 1703 ad
175 1676 244 1702 Stat
265 1676 351 1702 Theb.
374 1677 383 1702 Ι
403 1678 453 1701 275
474 1678 503 1701 et
522 1676 585 1701 lsid.
606 1676 674 1709 orio.
696 1676 745 1701 XII
764 1679 786 1707 1,
803 1677 869 1709 5117
891 1676 1035 1710 Hor-ttius]
1057 1685 1140 1702 carm.
1158 1677 1166 1701 Ι
1183 1679 1207 1708 2,
1229 1678 1296 1709 7118
1317 1676 1397 1701 Plau-

117 1712 174 1746 tus]
194 1715 262 1738 truc.
284 1711 308 1737 [Ι
328 1714 352 1743 2,
376 1714 405 1737 14
429 1713 438 1743 ΙΙ
464 1714 494 1737 12
515 1711 671 1745 Terentius]
692 1720 752 1737 eun.
774 1712 797 1737 II
818 1715 842 1744 2,
863 1714 894 1737 37
918 1712 958 1737 ‘ni
978 1712 1078 1737 mirum
1098 1712 1224 1738 homines
1245 1712 1369 1745 frigent’.
1390 1712 1398 1745 Ι

117 1747 228 1780 quidam
329 1747 454 1780 tradunt]
482 1747 543 1772 [sid.
569 1746 625 1772 diff.
650 1747 725 1772 verb.
752 1750 802 1773 406
826 1748 835 1780 ss
861 1750 891 1772 14
916 1748 1044 1780 quotiens
1069 1768 1074 1772 .
1096 1769 1100 1773 .
1123 1769 1128 1773 .
1153 1747 1283 1781 dicimus]
1310 1755 1394 1773 exscr.

117 1783 180 1809 lsid.
201 1782 256 1809 diff.
276 1782 350 1808 verb.
372 1785 422 1808 236
446 1783 455 1816 ΙΙ
477 1785 511 1808 24
530 1782 660 1817 forsitan]
681 1791 774 1816 georg.
795 1782 820 1808 ΙΙ
840 1785 891 1808 288

194 1909 207 1931 1
228 1906 264 1931 acl
278 1914 301 1932 v.
318 1908 368 1931 435
383 1905 531 1940 Ignauum]
547 1906 645 1932 inutile
662 1927 666 1932 .
685 1928 689 1933 .
707 1928 711 1932 .
733 1906 766 1932 de
782 1906 874 1933 asinis.
904 1906 1004 1941 Pecus]
1021 1906 1138 1933 dicimus
1155 1929 1160 1933 .
1178 1927 1182 1932 .
1200 1929 1204 1933 .
1221 1916 1237 1932 a
1252 1907 1397 1940 pascendo.

120 1941 316 1975 praesepibus]
338 1940 474 1967 alueariis.
498 1941 529 1967 P.
560 1950 592 1967 ea:
611 1942 652 1967 his
671 1950 756 1968 nanos
778 1963 782 1968 .
800 1963 804 1967 .
823 1964 827 1968 .
849 1942 1000 1968 secundum
1019 1946 1042 1968 et
1063 1942 1146 1968 mulis
1167 1964 1171 1969 .
1189 1965 1194 1969 .
1211 1963 1216 1967 .
1238 1942 1325 1968 Pecus
1344 1951 1399 1968 von

117 1977 197 2009 potui
217 1978 299 2009 legsere
321 1978 330 2009 ΙΙ
354 1979 368 2001 2
389 1985 489 2009 gnaros
511 1976 543 2002 0³
562 1985 637 2010 supr.
657 1986 722 2003 vers.
748 1986 853 2011 gnauos
880 1978 888 2003 l
911 1979 920 2011 ΙΙ
943 1982 958 2004 3
984 1978 1072 2004 bobus
1096 1978 1153 2003 BL
1176 1979 1184 2011 ΙΙ
1208 1981 1223 2003 4
1248 1978 1398 2004 secundum

119 2012 270 2038 Aemilium
298 2012 421 2037 Macrum
450 2021 499 2037 om.
528 2012 554 2037 Β
579 2013 587 2045 ΙΙ
612 2016 625 2038 7
655 2013 727 2038 unde
757 2022 806 2039 om.
834 2014 890 2039 ΒΟ
911 2016 920 2046 fl
943 2014 1075 2047 protheus
1104 2013 1277 2046 1911Ηο311
1304 2017 1332 2039 11
1364 2015 1400 2039 ml

118 2055 141 2073 v.
159 2050 209 2073 43ss
229 2047 341 2081 Feruet]
358 2047 513 2073 celebratur
533 2068 537 2073 .
555 2068 560 2072 .
577 2069 582 2073 ,
602 2056 652 2081 per
666 2057 678 2073 r
693 2047 818 2074 dicimus.
842 2049 873 2074 P.
914 2058 946 2074 esc
961 2049 1002 2074 hats
1018 2049 1120 2074 Feruet
1140 2070 1144 2074 .
1162 2070 1167 2075 .
1185 2070 1190 2075 ,
1211 2050 1400 2075 οο]11]1·ἱιΙιοι’Ῐι“ε’

119 2086 286 2108 evanuerunt
310 2083 318 2115 ΙΙ
345 2086 375 2108 13
397 2082 470 2108 olere
492 2082 538 2108 0²:
559 2083 602 2108 ole
624 2083 666 2116 GH
680 2083 768 2109 malas
789 2084 835 2109 02:
856 2084 945 2110 malus
966 2085 987 2109 G
1009 2085 1018 2117 ΙΙ
1043 2088 1075 2110 14
1096 2094 1260 2110 rmunas'rm
1281 2105 1286 2110 .
1303 2106 1307 2111 .
1325 2105 1329 2110 .
1351 2093 1400 2118 per

120 2127 133 2143 r
152 2118 269 2144 dicimus
289 2126 338 2144 om.
358 2118 384 2142 B
409 2118 417 2150 ΙΙ
442 2127 606 2144 mmmmm
626 2118 715 2144 CHP
735 2120 743 2150 ΙΙ
767 2119 862 2153 alitur]
888 2119 933 2145 uel
958 2128 974 2145 a
998 2120 1110 2145 flamma
1130 2120 1192 2146 add.
1213 2120 1275 2145 LII
1293 2128 1325 2145 ea·
1346 2121 1399 2146 Isi-

120 2154 185 2179 doro
204 2156 235 2179 ut
254 2154 360 2179 videtur
384 2154 392 2186 ΙΙ
418 2156 448 2178 15
470 2153 537 2179 odor
556 2162 588 2178 ur
607 2153 674 2179 odos
695 2153 717 2178 C
738 2155 746 2187 11
770 2154 816 2186 qui
842 2163 874 2180 ea:
899 2154 965 2187 quid
991 2156 1028 2180 rel
1048 2155 1113 2188 quia
1134 2155 1156 2181 G
1173 2155 1239 2188 quia
1258 2155 1282 2180 L
1301 2158 1324 2181 et
1346 2156 1399 2181 Isi-

121 2189 203 2214 dorus
224 2189 283 2222 (qui
302 2190 321 2221 l)
345 2189 353 2221 ss
379 2192 409 2215 19
435 2200 449 2214 o
475 2197 619 2214 rourvarl
644 2189 781 2222 expressit
804 2191 913 2215 Aeneae
937 2190 1104 2216 desiderium
1129 2191 1181 2217 hoc
1205 2192 1248 2216 est
1270 2191 1318 2224 qui
1342 2191 1398 2216 iam

122 2224 253 2250 faciunt.
319 2224 467 2250 desiderat
506 2234 612 2253 qvorvm
633 2246 638 2250 .
678 2224 833 2250 .1audatur
854 2224 877 2251 C
897 2226 905 2258 ΙΙ
930 2228 962 2251 23
987 2226 1024 2251 ad
1049 2235 1069 2252 ι·.
1090 2230 1141 2252 438
1166 2226 1302 2260 Fastigia]
1327 2234 1398 2251 nunc

121 2259 212 2293 operis
238 2245 413 2286 summitates
515 2259 629 2293 fastigia
653 2268 776 2292 quaeras.
799 2260 826 2285 P
847 2261 856 2293 ΙΙ
879 2261 1069 2288 summitatem
1095 2262 1119 2286 L
1142 2262 1151 2295 ΙΙ
1174 2265 1207 2287 25
1232 2263 1263 2287 ut
1282 2270 1330 2287 om.
1353 2261 1399 2294 G]

122 2295 296 2328 contempnit
322 2295 344 2321 O
365 2296 374 2328 ΙΙ
398 2295 544 2329 significat
583 2295 626 2321 vel
654 2294 770 2328 suscipit
795 2295 853 2321 alta
877 2296 988 2330 aspicit,
1014 2298 1045 2322 ut
1069 2297 1136 2323 alibi
1164 2298 1251 2323 hane
1279 2296 1399 2329 primum

122 2330 228 2363 suspice
247 2330 360 2364 rupem’
383 2331 411 2356 1)

1417 678 1447 701 10

1416 1213 1450 1236 20
