1690 2611
500 105 613 132 COMM.
633 104 672 130 IN
693 102 799 129 VERG.
820 102 901 128 AEN.
922 102 966 128 IV.
988 105 1136 128 114—127.
1388 99 1453 131 485

178 188 322 229 trepidi
356 187 529 219 crudelia
564 181 925 226 limina'linquunt.
1025 192 1194 215 INDAGINE
1230 183 1371 214 ferarum
1407 182 1453 213 in-

178 241 361 283 quisitione.
399 243 427 272 et
448 241 575 281 quidam
593 249 661 271 euni
678 237 907 278 vestiyatoribus
925 237 1079 268 alatorzmi
1097 237 1278 268 mentionem
1297 237 1454 267 inductam

178 295 347 335 accipiunt:
372 304 446 325 nani
468 294 646 334 inslaqinem
669 292 860 331 vestiyatores
883 291 964 330 ipsos
984 291 1117 330 tradunt,
1141 291 1209 322 alas
1226 301 1295 321 vero
1314 290 1454 329 alatores,

180 349 233 388 qui
255 349 363 380 dextra
386 351 414 379 et
435 348 564 379 sinistra
581 347 749 387 playarum
772 345 894 376 sublata
915 355 983 376 voce
1000 344 1165 384 probibent
1185 344 1269 383 feras
1292 344 1383 375 exire.

181 415 344 434 TREPIDANT
364 411 431 432 vero
455 400 508 432 boe
531 400 592 432 loeo
616 397 760 431 ‘sensim'
789 398 956 438 aeeipiunt,
980 408 1058 439 non,
1087 400 1121 428 ut
1148 397 1236 438 alibi,
1266 396 1454 436 ‘festinant’‚

180 456 255 496 quia
278 455 375 487 saltus
398 465 460 486 non
483 464 588 494 eursu⁷
615 453 667 484 secl
693 452 804 484 sensim
832 452 1005 492 cinguntur.
1050 451 1176 490 quidam
1205 449 1388 490 ‘trepidant’
1417 450 1455 481 ab

181 509 273 549 equis,
295 509 349 548 qui
371 508 513 547 hodieque
542 507 690 547 trepidare
718 506 870 546 cliezmtur,
893 504 1045 544 amiellari
1062 506 1185 544 putant.
1232 504 1307 535 Cato
1334 505 1456 535 sedere

180 573 251 593 non
269 564 391 602 potest
413 562 453 592 in
476 571 560 601 equo
586 560 799 600 trepidante.

272 616 343 646 122.
380 623 538 647 DESVPER
562 622 742 645 INFVNDAM
769 612 844 654 quia
868 614 922 642 aer
946 615 994 643 est
1016 611 1105 643 Iuno.
1152 612 1231 642 bene
1255 622 1323 651 erqo
1346 611 1398 642 hie
1423 622 1455 642 se

181 670 339 701 facturam
368 668 446 700 dicit
471 668 555 709 quod
577 667 677 698 habet
701 666 733 697 in
757 667 928 706 potestate.
997 673 1091 696 OMNE
1113 673 1215 696 CIEBO
1235 675 1293 705 pro
1314 663 1455 695 υεοῇιιωῆ

185 722 311 754 ‘omne'
336 722 420 753 enim
444 720 569 753 numeri
595 722 656 761 est,
681 718 818 751 ‘totum’
844 718 1045 760 quantitatis.

273 777 344 807 123.
381 784 494 810 NOCTE
519 783 629 806 ΟΡΑΟΑ
653 773 785 804 nubium
811 772 960 813 caligine.

273 829 343 860 125.
381 837 449 859 TVA
473 836 503 859 s1
532 836 609 858 Mffu
639 835 750 857 CERTA
780 834 963 857 VOLVNTAS
994 826 1056 856 hoc
1086 827 1146 865 est,
1178 825 1205 855 si
1235 825 1335 856 etiam
1366 826 1457 856 tuum

184 883 399 923 subsequatur
423 881 578 913 officium:
602 881 676 920 quia
699 880 780 911 Iuno
808 880 954 919 eoniusjii,
989 879 1088 910 Venus
1117 889 1210 910 eausa
1237 879 1458 910 coniunctionis

181 937 229 968 sit.
275 936 369 976 iffitzir
392 935 473 967 Iuno
497 935 543 966 nil
566 944 596 966 se
616 944 702 974 posse
724 934 898 973 adnuntiat,
921 934 984 964 nisi
1006 933 1145 964 veluntas
1171 933 1295 964 Veneris
1313 932 1457 972 adfuerit.

183 988 294 1021 ‘certa'
319 991 420 1020 autem
443 990 554 1028 firma,
578 989 652 1028 quia
670 988 864 1028 poomiserat.

274 1043 344 1074 126.
383 1051 534 1074 CONVBIO
559 1041 612 1072 boc
641 1041 749 1072 Veneri
772 1040 961 1071 eontrarium
984 1042 1043 1071 est:
1068 1042 1095 1071 et
1117 1040 1166 1071 bie
1188 1042 1231 1071 est
1253 1040 1349 1080 dolus,
1372 1050 1459 1080 quem

183 1097 371 1128 intellectura
395 1098 437 1127 est
460 1098 487 1127 et
510 1096 623 1126 risura.
675 1093 744 1125 ‘nu’
769 1094 959 1125 naturaliter
982 1093 1080 1134 longa
1106 1094 1154 1124 est
1178 1093 1217 1124 ab
1238 1103 1283 1132 eo)
1304 1093 1388 1133 quod
1409 1096 1460 1125 est

184 1149 348 1190 ‘nubere’,
378 1151 415 1180 ut
445 1149 553 1189 (213)
585 1145 758 1179 conubia'
774 1150 909 1179 nostra
933 1147 1120 1188 reppulit3
1150 1147 1204 1178 sed
1233 1146 1329 1177 modo
1363 1147 1459 1178 metri

184 1215 282 1235 causa
306 1203 470 1244 Corripuit.

275 1257 346 1288 127.
385 1270 434 1289 me
452 1269 633 1288 HYMENAEVS
655 1269 723 1287 mur
744 1256 778 1286 icl
800 1258 853 1295 est,
878 1256 935 1286 liae
958 1257 1047 1286 erimt
1069 1255 1203 1294 nuptiae.
1240 1265 1314 1286 sane
1336 1255 1372 1286 (le
1390 1254 1459 1295 Hy-

185 1321 308 1342 menaeo
332 1311 399 1342 lieet
421 1310 560 1350 superius
586 1310 647 1340 iani
666 1310 780 1341 (lictum
798 1310 846 1345 sit,
866 1312 967 1340 tamen
986 1310 1058 1339 sunt
1076 1309 1168 1339 etiam
1187 1308 1268 1339 aliae
1287 1308 1459 1348 opiniones:

184 1375 260 1396 narn
277 1364 335 1395 alii
358 1363 438 1394 hune
462 1363 585 1394 Veneris
605 1365 630 1393 et
650 1363 752 1393 Liberi
771 1363 872 1403 filiuni
895 1363 999 1393 (liemzt
1017 1362 1159 1402 primum
1181 1362 1299 1402 niwtiis
1316 1372 1460 1402 prospere

185 1428 289 1455 usum7
313 1417 347 1448 ob
370 1417 450 1456 quod
472 1417 506 1447 in
529 1416 647 1456 nuptiis
670 1419 809 1447 vocatur:
837 1416 916 1447 unde
939 1415 1078 1455 nuptiale
1107 1425 1229 1446 carmen
1253 1415 1459 1456 Hymenaeus.

186 1472 244 1503 alii
266 1471 447 1511 nuptiarum
470 1470 653 1501 inventorem
683 1470 809 1501 traclmit
836 1472 863 1500 et
890 1470 955 1500 ideo
983 1469 1171 1500 carminibus
1199 1469 1353 1506 ‹leeorari;
1382 1470 1462 1509 quod

186 1525 355 1565 exemplum
379 1524 417 1555 ab
440 1534 472 1555 eo
494 1524 653 1564 proditum
681 1523 789 1563 ubique
815 1525 961 1554 servatur.
1009 1522 1169 1554 Cornelius
1196 1522 1317 1554 Balbus
1345 1523 1460 1563 Hyme-

186 1589 297 1610 naeum
320 1578 373 1615 ait,
397 1577 554 1617 Maynetis
576 1577 690 1616 filium,
719 1577 851 1608 ninsieae
874 1577 952 1607 artis
970 1577 1118 1617 peritum,
1137 1576 1368 1616 pulchritudine
1395 1587 1459 1608 niu-

187 1633 282 1670 liebri,
305 1633 378 1663 (luni
401 1632 526 1671 nuptias
550 1631 654 1662 Liberi
667 1632 770 1671 patris
789 1633 816 1661 et
834 1630 984 1661 Althaeae
1001 1630 1151 1671 reliyiosis
1170 1630 1309 1661 cantibus
1327 1630 1461 1668 celebrat,

187 1686 373 1726 exspirasse:
396 1688 522 1725 propter
545 1686 626 1725 quod
652 1686 678 1716 ei
707 1685 778 1716 talis
807 1684 903 1715 bonor
930 1685 964 1715 in
993 1685 1111 1724 nuptiis
1139 1684 1312 1715 adtributus
1340 1686 1396 1724 est,
1427 1687 1463 1715 ut

259 1745 282 1791 ’ῖῖ
295 1744 376 1797 Θαΐ-0]
397 1764 465 1790 orat.
485 1764 534 1790 rel.
554 1773 580 1797 p.
601 1767 643 1796 48,
665 1766 696 1789 13
717 1763 786 1789 Iord.
806 1764 815 1796 ΙΙ
836 1766 865 1788 11
888 1771 968 1789 omne
989 1785 993 1789 .
1015 1785 1020 1790 .
1042 1784 1046 1788 .
1067 1762 1243 1797 quantitatis]
1265 1763 1298 1788 ef.
1320 1762 1383 1788 lsid.
1403 1762 1459 1789 diff.

188 1800 262 1827 verb.
283 1803 333 1826 402
357 1801 365 1833 ΙΙ
393 1803 426 1826 23
451 1800 499 1826 alii
518 1800 591 1826 hune
612 1820 617 1825 .
634 1821 639 1826 .
657 1821 661 1825 .
681 1799 870 1833 Hymenaeus]
896 1799 929 1825 ef.
950 1799 1019 1825 Don.
1043 1799 1079 1824 ad
1103 1799 1164 1825 Ter.
1190 1799 1300 1832 adelph.
1321 1798 1345 1824 V
1366 1802 1390 1831 7,
1410 1801 1424 1824 7

261 1875 273 1897 1
295 1870 480 1904 anquisitione
500 1871 532 1896 N
556 1870 708 1899 inclusione
728 1871 862 1896 Bao-thius
882 1871 918 1896 acl
937 1870 1005 1896 Stat.
1027 1871 1092 1897 Aah.
1112 1871 1242 1903 1459113
1262 1870 1460 1903 vestigatorem

189 1908 279 1941 ipsum
299 1900 401 1933 Daniel
420 1907 525 1939 pri-mus
539 1908 547 1940 ΙΙ
563 1907 620 1932 alas
641 1906 680 1932 F:
700 1906 770 1932 alios
794 1906 817 1931 T
843 1906 912 1932 alias
931 1906 1035 1932 Daniel
1054 1909 1077 1932 et
1097 1906 1276 1932 Commelinus
1290 1907 1299 1939 ΙΙ
1313 1909 1328 1931 5
1348 1906 1462 1937 fortasse

189 1942 352 1969 festinanter
365 1943 374 1975 ΙΙ
390 1946 403 1968 7
424 1942 540 1975 odieque
560 1942 589 1967 F
600 1943 609 1975 11
629 1946 643 1967 9
663 1943 715 1967 hoc
736 1942 761 1967 L
775 1942 784 1975 u
805 1945 837 1968 10
855 1942 984 1968 scholium
1004 1943 1040 1968 acl
1059 1950 1138 1968 omne
1159 1941 1236 1968 ciebo
1253 1944 1315 1975 post
1333 1942 1462 1967 scholium

190 1979 226 2005 ad
241 1978 322 2004 nocte
337 1986 425 2011 opaca.
436 1978 566 2011 praebent
576 1978 716 2003 NLHM
728 1979 737 2009 11
752 1987 853 2003 (numm
870 1987 939 2003 omn
955 1977 984 2003 F
1000 1986 1049 2011 pro
1065 1978 1154 2003 totum
1171 1978 1293 2003 omittens
1307 1978 1316 2011 ΙΙ
1332 1980 1363 2003 12
1379 1987 1460 2003 Noc-fn

254 2013 373 2047 callgine
393 2021 441 2039 om.
457 2013 507 2046 ΓΠ
525 2016 554 2039 13
574 2013 602 2038 id
622 2015 664 2039 est
684 2013 712 2038 F
724 2014 733 2046 ΙΙ
748 2013 770 2038 si
790 2021 831 2038 om
856 2013 904 2044 Fu
921 2016 952 2038 14
972 2012 1094 2046 coniugii
1115 2013 1280 2039 Illasvicius:
1302 2012 1460 2046 coniugium

191 2049 220 2075 F
232 2051 241 2083 ΙΙ
263 2052 294 2075 15
314 2048 351 2075 sit
370 2049 485 2075 Daniel:
505 2049 557 2074 scit
577 2048 606 2074 F
617 2049 626 2080 ΙΙ
645 2048 792 2074 adnuntiat
812 2049 926 2074 Daniel.-
945 2048 1093 2074 adnuntias
1114 2048 1142 2073 F
1155 2049 1163 2082 ΙΙ
1182 2049 1290 2074 uenerit
1308 2048 1406 2074 adfuer
1426 2048 1461 2080 F,

190 2093 258 2112 corr.
271 2085 379 2110 Daniel.
400 2084 466 2118 quia
480 2084 546 2110 Iuno
562 2084 731 2117 coniugium,
743 2084 835 2109 Venus
850 2092 933 2110 causa
948 2083 1151 2110 coniunctionis
1165 2084 1274 2115 dicitur,
1289 2084 1360 2110 Juno
1376 2093 1394 2110 e.
1407 2093 1459 2117 (1.3.

190 2121 226 2147 F.
242 2120 396 2147 Schfoellius.
425 2121 539 2152 fortasse
558 2119 623 2152 quia
638 2120 705 2145 luno
720 2119 848 2153 coniugii,
864 2119 956 2145 Venus
972 2128 1056 2146 causa
1070 2119 1279 2146 coniunctionis.
1305 2121 1357 2146 scit
1376 2119 1461 2153 igitur

191 2156 258 2182 Iuno
282 2155 351 2181 nihil
376 2164 404 2181 se
430 2164 508 2188 posse
533 2155 567 2181 ad
593 2155 716 2188 nuptias,
741 2154 794 2180 nisi
817 2155 946 2181 voluntas
966 2155 1083 2181 Veneris
1102 2155 1223 2181 adfuerit
1245 2156 1254 2188 ΙΙ
1280 2159 1310 2181 1ss
1331 2156 1367 2181 acl
1386 2155 1462 2181 certa

190 2200 264 2225 supr.
281 2200 345 2217 vers.
366 2191 446 2217 firma
464 2191 492 2216 id
512 2192 554 2216 est
573 2190 596 2216 si
615 2191 678 2216 tuae
698 2190 852 2216 uoluntatis
871 2195 1018 2217 consensus
1037 2191 1157 2217 adfuerit
1174 2191 1198 2216 T
1210 2191 1219 2224 ΙΙ
1234 2192 1327 2217 autem
1347 2191 1460 2216 Daniel:

192 2228 241 2253 aut
255 2227 284 2252 F
296 2227 305 2259 ΙΙ
319 2230 351 2252 21
373 2236 508 2252 amnuens
524 2226 553 2252 F
565 2226 574 2259 ΙΙ
589 2234 653 2251 sane
673 2226 706 2251 de
726 2226 861 2259 hymeneo
878 2247 899 2252 ..
913 2247 918 2252 .
937 2227 1101 2260 perpetuum
1120 2234 1219 2252 nomen
1238 2229 1309 2252 esset
1328 2227 1358 2252 in
1376 2234 1460 2259 τηαν-(Ι.

191 2263 242 2294 inf.
261 2262 284 2287 T
296 2263 305 2296 ΙΙ
321 2265 353 2288 24
372 2263 523 2296 hymeneos
544 2262 602 2287 FT
614 2262 623 2294 ΙΙ
638 2264 671 2287 26
692 2261 833 2287 Cornelius
853 2261 956 2288 Balbus
972 2283 977 2288 .
991 2282 1012 2287 ..
1029 2270 1130 2288 nomen
1149 2263 1222 2288 esset
1239 2263 1299 2288 hab.
1316 2262 1437 2287 Ambros.
1454 2261 1461 2284 Η

193 2297 323 2324 cornilius
338 2297 367 2323 F
379 2300 388 2331 ΙΙ
402 2301 434 2324 27
455 2297 689 2331 pulchritudinem
706 2297 736 2322 F
747 2294 802 2330 {1⁸28
823 2297 862 2330 et]
883 2306 915 2323 ex
929 2298 1022 2323 Ambr.
1037 2299 1046 2331 ΙΙ
1060 2297 1161 2324 Aloeae
1176 2298 1269 2323 Ambr.
1285 2299 1294 2330 ΙΙ
1309 2300 1341 2323 ’29
1357 2297 1381 2322 ei
1396 2296 1461 2323 talis

194 2333 336 2360 FAmbr.:
355 2333 420 2359 talis
442 2334 465 2359 T
492 2332 586 2359 vitalis
606 2333 709 2358 Daniel
722 2334 731 2366 Η
746 2341 813 2359 onor
833 2333 882 2367 Fu
897 2333 924 2359 in
944 2333 1049 2367 nuptiis
1070 2333 1106 2358 T.-
1125 2332 1228 2367 nuptiis
1249 2333 1374 2358 FAmbr.

1478 667 1509 689 10

1480 934 1510 956 15

1479 1201 1512 1224 20

1479 1469 1512 1492 25
