1690 2611
223 129 243 156 L
757 130 972 159 PRAEFATIO.

224 212 299 244 libri
328 213 498 254 praebent,
525 223 691 253 possumus
723 215 892 255 intellegserc
927 225 999 246 eum
1028 214 1229 246 Floriacensi
1263 218 1296 248 et
1316 209 1506 248 ‘Turonensi

223 265 440 298 Cassellanus.
483 268 621 299 mutavit
646 268 804 299 Ser-viana
831 268 987 309 plenioris
1012 268 1235 300 commentarii
1265 271 1390 310 auctor,
1420 270 1505 311 quod

223 320 363 351 alienam
391 321 691 362 interpretationem
722 322 889 353 additurus
919 323 997 353 erat.
1036 322 1101 353 274
1129 324 1158 353 et
1183 322 1287 354 simam
1314 326 1343 354 ct
1369 334 1434 355 non
1463 324 1505 355 vi-

223 373 339 404 dentur
373 373 475 405 Servii
509 386 592 416 esse3
626 386 702 406 nam
736 375 940 406 enuntiatum
974 375 1146 420 relativum
1175 376 1261 417 quod
1289 377 1435 418 sequitur
1464 377 1505 408 ad

222 438 320 458 uuam
350 426 546 459 ‘civitatem’
577 440 688 460 vocem
719 431 852 469 spectat.
896 429 961 460 ⁴270
986 427 1142 460 Serviana
1170 440 1252 470 quae
1281 431 1357 461 sunt
1384 431 1506 462 insulas

223 480 372 513 Graeciae
404 485 620 513 commemorat
656 485 692 513 ut
724 482 940 514 Floriacensis
979 483 1026 514 ita
1060 481 1268 515 Cassellanus
1303 484 1438 525 omittit,
1471 485 1505 515 in

222 546 316 576 quem
340 536 447 577 ipsum
472 537 577 577 prima
601 535 818 567 Floriacensis
839 536 953 567 scholii
975 536 1074 567 verba
1097 536 1300 568 transierunt
1323 537 1380 569 hac
1402 547 1506 569 omncs

222 590 343 621 insulae
367 590 517 621 Graeciae
545 592 624 621 sunt.
667 590 732 621 332
761 590 812 621 his
842 601 924 631 quae
952 592 1081 632 praeter
1109 590 1349 622 Floriacensem
1379 590 1505 622 Cassel-

222 643 315 674 lanus
339 643 439 674 habet
463 646 518 674 aut
540 644 622 683 quod
648 643 692 675 ibi
716 644 852 675 Achilles
881 645 996 675 occisus
1019 644 1061 675 sit
1087 644 1239 676 turbatur
1267 647 1377 686 aperte
1403 644 1505 676 Servii

222 698 395 738 sententia,
420 699 456 728 ut
480 694 518 728 ea
543 697 738 728 secluserim.
778 698 842 729 376
863 698 897 728 in
912 699 1050 739 utroque
1070 698 1153 729 libro
1179 698 1319 730 alienum
1345 697 1503 730 scholium

223 750 376 782 Serviano
411 751 518 792 inepte
552 751 726 782 inmixtum
758 753 816 783 est.
863 751 987 783 accedit
1017 751 1102 793 quod
1134 750 1312 783 Cassellani
1344 752 1505 793 scriptura

221 805 356 844 disponit
381 805 503 835 divinat
526 815 542 835 e
566 804 766 836 Floriaeensi
796 806 867 836 orta
899 806 948 836 est
978 815 1058 845 quae
1091 806 1140 836 est
1170 806 1345 846 dispouitur
1374 806 1504 847 divinat,

222 859 312 889 cuius
338 859 440 899 ipsius
466 858 558 900 origo
582 858 655 890 inde
684 859 859 900 repetenda
888 858 1027 899 videtur,
1057 858 1143 900 quod
1167 859 1201 890 in
1229 859 1404 901 archetypo
1434 858 1504 890 Ser-

222 912 318 943 viana
343 912 388 943 sic
412 923 583 953 perperam
609 913 731 954 scripta
756 914 848 944 erant
872 913 1047 952 disponitur
1065 913 1172 944 dinat:
1196 924 1272 944 nam
1296 913 1417 944 divinat
1439 923 1505 944 non

222 967 331 1007 potest
356 965 458 997 Servii
485 977 564 997 esse.
608 966 670 997 :311
701 967 779 998 sicut
801 977 897 1007 supra
925 967 1039 998 dictum
1064 969 1105 997 cst
1130 977 1203 998 eum
1226 966 1425 998 Floriacensi
1448 966 1503 997 ha-

221 1020 276 1050 bet
301 1018 522 1061 Cassellanus,
553 1031 750 1062 quamquam
781 1020 941 1051 scholium
971 1019 1011 1051 ad
1037 1031 1063 1051 v.
1089 1020 1167 1061 310,
1197 1020 1237 1051 acl
1265 1020 1350 1061 quod
1379 1031 1416 1051 ea
1445 1020 1506 1051 for-

222 1073 309 1104 mula
333 1073 528 1115 relegamur,
554 1074 685 1105 omittit.
729 1074 789 1105 361
822 1076 923 1105 autem
948 1073 1047 1105 habet
1072 1072 1293 1115 Cassellanus,
1317 1085 1383 1105 non
1406 1073 1505 1104 habet

216 1129 396 1167 praepetes.
413 1153 418 1158 .
434 1152 441 1159 .
461 1128 654 1169 aaspicar‘nr,
678 1129 811 1169 propter
836 1138 917 1169 quae
933 1129 1035 1159 autem
1058 1127 1139 1158 illud
1162 1128 1318 1169 plenioris
1344 1138 1504 1158 commen-

221 1181 296 1212 tarii
322 1183 434 1212 auctor
458 1181 601 1212 inseruit.
640 1182 703 1212 249
721 1181 773 1212 vix
799 1181 912 1212 dubito
934 1181 1011 1222 quin
1027 1182 1072 1212 ait
1092 1181 1262 1221 Neptunia,
1287 1181 1371 1223 quod
1392 1192 1408 1212 e
1428 1180 1506 1212 Cas-

222 1235 343 1266 sellano
379 1235 521 1276 enotavi,
555 1246 592 1266 ex
624 1237 680 1266 anf
708 1235 864 1275 Neptemio
899 1237 1006 1267 ortum
1038 1235 1093 1275 sit,
1127 1235 1212 1276 quod
1245 1235 1277 1266 in
1309 1234 1505 1266 Floriacensi

221 1289 349 1329 legitur.
378 1300 555 1320 consensus
584 1289 697 1330 igitur,
727 1289 782 1331 qui
808 1289 839 1320 in
865 1289 962 1320 tertio
992 1291 1024 1320 et
1054 1289 1094 1320 113
1124 1289 1178 1330 qui
1207 1290 1384 1330 sequuntur
1411 1288 1503 1319 libris

221 1342 304 1373 inter
328 1341 554 1374 Cassellauum
584 1344 616 1373 et
645 1342 884 1374 Floriacensem
913 1343 1090 1384 invenitur,
1120 1342 1187 1374 eius
1217 1342 1304 1373 modi
1334 1344 1396 1383 est,
1424 1343 1460 1373 ut
1488 1352 1504 1372 e

221 1396 364 1437 pleniore
395 1397 504 1438 aliquo
529 1396 613 1428 libro
642 1397 696 1427 ille
726 1397 856 1428 fluxisse
886 1396 1047 1437 videatur,
1076 1396 1166 1427 cuius
1196 1396 1325 1437 quidem
1353 1395 1440 1436 libri,
1468 1397 1504 1426 ut

220 1452 305 1480 recto
330 1450 474 1481 conicere
498 1450 622 1491 videor,
651 1450 711 1481 hoc
742 1450 911 1492 proprium
935 1449 997 1480 fuit
1026 1449 1111 1490 quod
1142 1450 1246 1481 aliena
1274 1450 1446 1491 pleraque,
1472 1448 1504 1479 id

221 1506 269 1534 cst
295 1514 331 1534 ea
357 1515 438 1545 quae
463 1505 496 1534 in
520 1504 719 1535 Floriacensi
748 1503 913 1536 Servianis
943 1514 1007 1534 non
1036 1503 1158 1534 inserta
1187 1503 1241 1534 sed
1270 1503 1392 1535 adnexa
1421 1503 1505 1542 sunt,

221 1557 261 1587 ab
295 1556 344 1588 his
379 1557 486 1589 neseio
521 1569 583 1599 quo
616 1558 709 1599 signo
740 1560 892 1599 separata
926 1558 1031 1598 erant,
1064 1559 1100 1587 ut
1132 1557 1159 1588 is
1194 1557 1247 1598 qui
1281 1555 1503 1588 Cassellanum

221 1611 363 1652 scripsit,
398 1611 447 1642 cui
482 1611 637 1642 Serviaua
669 1611 848 1643 exscribere
882 1611 1007 1642 videtur
1040 1610 1243 1652 propositum
1276 1610 1388 1650 fuisse,
1422 1619 1503 1649 quae

221 1664 400 1695 omittenda
425 1667 517 1696 erant
542 1665 636 1696 facile
662 1665 807 1706 potuerit
831 1663 1061 1705 dignoscere&
1105 1663 1190 1705 quod
1214 1674 1286 1695 cum
1310 1663 1356 1694 ita
1381 1662 1436 1702 sit,
1462 1672 1502 1692 ne

221 1718 446 1759 supplementa
472 1719 603 1759 quidem
628 1718 684 1749 illa
709 1729 790 1759 quae
810 1729 909 1759 supra
929 1717 1179 1761 commemoravi
1199 1716 1310 1748 Servio
1330 1715 1503 1747 tribuenda

221 1782 304 1811 esse,
329 1771 384 1802 sed
409 1772 529 1813 partim
558 1772 714 1814 plenioris
745 1771 969 1803 commentarii
1001 1770 1126 1802 auctori
1155 1770 1276 1811 partim
1305 1768 1377 1800 aliis
1406 1768 1503 1800 inter-

220 1824 399 1866 prefiibus2)
425 1825 532 1857 deberi
558 1827 646 1867 puto.

310 1877 495 1920 Antequam
520 1879 558 1910 de
578 1879 726 1910 Parisino
750 1879 834 1910 1750
854 1878 977 1909 dicatur
998 1877 1221 1919 quaestionem
1241 1875 1404 1918 quandam
1429 1875 1501 1907 sub-

221 1932 385 1963 difficilem
411 1932 599 1964 solvendam
624 1943 693 1963 esse
718 1932 823 1963 video:
848 1943 923 1963 nani
949 1932 1046 1963 etiam
1071 1942 1155 1962 nunc
1179 1930 1331 1962 dubitant
1355 1929 1501 1960 homines

221 1985 305 2016 docti
335 1997 411 2017 num
442 1985 650 2018 Cassellanus
680 1985 764 2016 idem
798 1986 839 2016 sit
871 1985 925 2026 qui
955 1984 1100 2016 Danielis
1130 1983 1311 2015 Fuldensis.
1352 1993 1454 2024 neque
1484 1993 1502 2013 a

221 2038 394 2070 Ducbnero
420 2040 474 2081 qni
499 2041 531 2071 in
548 2039 800 2071 Zimmermanni
826 2038 997 2069 annalibus
1012 2040 1080 2070 tom
1100 2037 1124 2068 I.
1145 2049 1171 2069 a.
1189 2037 1273 2068 1834
1287 2048 1317 2078 p.
1335 2036 1419 2067 1222
1434 2046 1502 2077 sqq.

224 2091 261 2123 cle
294 2092 353 2123 hoc
387 2093 494 2124 codice
526 2092 720 2134 disputavit,
756 2102 859 2133 neque
890 2103 909 2122 a
939 2091 1094 2132 Bergkio,
1128 2091 1182 2132 qui
1210 2089 1377 2130 Marburgi
1409 2088 1501 2119 annis

225 2146 399 2176 1843-45
424 2147 521 2187 primi
546 2149 577 2177 et
602 2146 731 2177 secundi
761 2145 835 2176 libri
866 2145 1042 2185 particulas
1067 2144 1223 2185 quasdam
1252 2154 1289 2174 ex
1314 2141 1500 2174 cassellano

295 2253 318 2283 1)
340 2251 366 2277 in
387 2251 469 2286 primi
497 2253 525 2278 ct
552 2252 665 2278 secundi
685 2251 749 2277 libri
771 2249 978 2276 commentariis
1004 2248 1074 2276 nihil
1101 2257 1145 2275 me
1164 2247 1304 2275 invenisse
1326 2254 1426 2273 moneo
1445 2254 1498 2279 quo

220 2293 354 2319 anhliticia
374 2291 481 2318 scholia
500 2302 516 2317 AL
536 2292 657 2325 vulgati>-
679 2290 814 2325 distingui
835 2290 1002 2316 viderentur.
1112 2290 1139 2322 2>
1158 2297 1190 2314 ex
1211 2288 1273 2313 aliis
1293 2286 1500 2313 commentariis

220 2333 386 2366 ‹lvpronlplst
410 2332 540 2358 videntur
564 2342 635 2366 quac
661 2332 694 2357 :td
722 2332 756 2356 lll
784 2333 848 2363 2³7,
874 2334 938 2363 30ss,
958 2334 1024 2363 3157,
1045 2332 1107 2361 615,
1129 2332 1192 2360 678,
1218 2330 1267 2354 098
1293 2326 1445 2354 Cassellzuli
1471 2328 1499 2352 et

221 2372 403 2399 floriacensis
424 2372 534 2406 propriu
557 2374 628 2398 suns.
