1690 2611
510 127 622 154 COMM.
643 127 682 153 IN
701 127 808 153 VERG.
830 127 911 153 AEN.
934 128 951 153 Ι.
972 131 996 154 2.
1017 132 1040 154 3.
1394 130 1413 159 9

138 209 255 249 dicere,
280 208 364 239 sicut
388 209 483 249 dixit,
508 210 564 239 aut
583 208 789 239 Laurentum.
832 209 978 249 quamvis
1004 209 1134 250 quidam
1159 210 1320 250 superfluo
1345 221 1414 241 esse

138 261 304 302 prolepsin
328 262 436 292 velint.
526 272 599 293 sane
621 261 691 292 bene
709 262 829 292 addidit
844 261 1005 302 ‘Lam'na⁷‚
1028 266 1062 293 vm}
1081 264 1245 294 ostenderet
1262 264 1305 295 acl
1322 274 1414 304 quam

133 317 255 354 partem
279 315 395 346 Italiae
425 316 549 347 cem'sset
571 315 705 355 Aeneas,
735 315 810 354 quia
833 317 861 345 et
884 315 973 346 multi
996 316 1054 346 alii
1077 327 1108 346 eo
1133 319 1263 356 {conpore
1285 318 1327 348 ad
1350 318 1414 348 Ita-

139 368 214 399 liam
236 371 392 406 venerant,
420 371 455 399 ut
477 368 588 408 Capys,
617 369 671 408 qui
694 367 847 407 Capuam,
871 368 1001 405 Polites,
1029 369 1083 408 qni
1107 369 1291 400 Politorium
1313 371 1415 401 confli-

139 422 256 453 derunt.

228 475 256 506 3.
294 483 424 506 LITORA
452 474 714 506 Laurolavinium
743 476 871 506 constat
900 477 973 506 octo
998 474 1128 505 milibus
1159 486 1177 506 a
1205 476 1285 506 mari
1315 488 1416 508 remo-

139 530 215 559 tam.
261 539 319 559 nee
342 539 400 559 nos
425 528 519 559 debet
548 527 662 558 fallere
691 527 767 568 quia
791 527 872 558 dixit
897 527 1037 559 ‘Lavina
1060 527 1182 559 litora'.
1230 528 1306 559 litus
1332 530 1415 560 enini

138 581 254 612 (licitur
277 583 364 611 terra
384 592 509 622 quoque
529 581 611 612 mari
631 581 748 621 vicina,
774 581 857 612 sieut
880 581 950 622 ipse
969 581 1135 621 Vergilius
1160 581 1193 611 in
1218 583 1333 622 quarto
1358 583 1416 613 eui

139 634 232 665 litus
265 634 459 674 arandum,
492 645 563 665 eum
594 645 651 674 per
682 636 833 665 naturam
864 634 941 665 litus
974 634 1058 665 arari
1089 645 1153 665 non
1182 635 1294 675 possit.
1341 646 1416 677 ergo

139 687 221 718 scire
245 687 410 728 debemus,
434 687 511 718 litus
536 698 630 728 posse
660 689 691 718 et
721 691 840 718 terram
869 687 940 719 diei.
986 688 1106 719 Fabius
1130 688 1295 719 Maximus
1318 699 1416 719 anna—

139 741 215 771 lium
241 740 345 780 primo
379 743 452 771 tum
484 741 627 771 Aeneas
659 751 764 781 aeyre
791 741 1010 780 patiebatur
1047 742 1085 772 in
1117 751 1194 771 eum
1232 742 1419 773 devenisse

137 803 277 833 scyrum,
295 794 551 824 macerrimum
571 794 952 833 lttorosissmumque.
1042 804 1189 825 MVLTVM
1210 803 1292 826 ILLE
1312 794 1417 826 ‘mult-

138 845 209 876 ille'
235 845 369 876 conlisio
395 848 451 877 est.
499 848 531 877 et
555 845 643 877 ‘ille’
670 846 730 877 hoc
756 846 826 877 loco
857 847 1011 888 abundat3
1041 850 1090 879 est
1116 848 1201 879 enim
1226 848 1418 888 interposita

139 899 298 939 particula
317 902 449 939 propter
469 900 563 930 metri
582 899 822 939 necessitatem,
848 903 881 930 ul
903 903 958 932 stef
977 912 1096 933 versus:
1121 912 1195 932 nam
1216 901 1243 932 si
1267 901 1417 933 detrahas

140 951 236 992 ‘ille',
261 954 326 983 stat
350 964 477 993 sensus3
501 952 573 994 ‘qui
598 952 737 993 prinius’
767 953 853 984 enim
883 953 922 984 ad
947 955 1056 985 omnia
1084 965 1256 995 possumus
1281 955 1419 986 trahere.

139 1006 184 1036 sic
210 1005 272 1035 alio
297 1005 368 1037 loeo
396 1017 493 1037 nune
523 1005 656 1037 dextra
684 1006 928 1047 ingeminans
958 1007 1073 1047 ictus,
1102 1019 1200 1038 nune
1229 1008 1297 1038 ille
1328 1008 1420 1039 sini-

139 1061 229 1089 stra.
276 1060 324 1090 est
349 1061 457 1090 autem
481 1059 690 1090 archaismos.
782 1062 837 1090 aut
859 1063 935 1091 certe
959 1059 1050 1098 ‘alez
1074 1061 1147 1100 quia
1171 1061 1243 1092 leaeo
1261 1062 1419 1100 particula

138 1122 220 1142 more
242 1113 368 1152 (antiquo
392 1115 447 1143 (cett
469 1112 623 1143 nobilitati
646 1115 702 1143 aul
721 1113 930 1152 mafflalleulim'
948 1114 1092 1151 dabatur,
1119 1117 1151 1145 nt
1173 1125 1214 1145 ae
1236 1115 1333 1145 velut
1355 1115 1420 1145 ille

138 1175 266 1196 cantem
289 1168 316 1195 ct
337 1167 488 1207 sancius
514 1166 587 1196 ille.
669 1174 721 1196 ΕΤ
748 1175 872 1197 'rERRis
897 1175 1068 1198 IACTATvs
1088 1167 1245 1208 fatigatus
1266 1169 1315 1198 est
1335 1168 1419 1198 enini

139 1218 222 1258 apud
246 1217 419 1249 Thraciam
443 1220 590 1249 monstro
615 1218 684 1258 illo,
709 1219 792 1260 quod
818 1230 833 1250 e
854 1219 979 1250 tumulo
999 1219 1154 1260 Polydori
1179 1221 1312 1262 sanguis
1337 1232 1419 1252 ema-

139 1271 241 1312 navit,
266 1271 350 1312 apud
376 1270 505 1302 Cretam
532 1272 733 1312 pestilentia,
763 1272 847 1312 apud
876 1271 1074 1313 Strophadas
1104 1273 1227 1304 insulas
1256 1273 1420 1315 Harpyiis,

138 1326 333 1365 tempestate
356 1335 431 1356 vero
456 1327 489 1355 et
512 1325 545 1355 in
569 1325 673 1365 primo
698 1327 730 1356 et
754 1325 787 1356 in
811 1325 919 1356 tertio.
966 1325 1124 1357 iactamur
1149 1329 1256 1358 autem
1281 1328 1314 1358 in
1338 1328 1417 1358 mari

139 1377 302 1418 fluctibus7
327 1377 502 1418 fatigamur
526 1378 560 1408 in
584 1377 689 1409 terris.
737 1379 768 1408 et
799 1379 879 1409 bene
908 1378 1044 1410 duorum
1073 1380 1305 1412 elementorum
1335 1380 1420 1411 mala

139 1441 201 1461 uno
227 1441 373 1462 sermone
398 1430 571 1471 conplexus
597 1432 654 1462 est.
745 1440 790 1461 ET
816 1440 908 1463 ALTO
933 1432 1027 1463 modo
1052 1433 1147 1472 mari,
1170 1434 1245 1472 quia
1268 1435 1420 1473 mwiglans

139 1483 274 1523 Scyllam
303 1486 331 1514 et
360 1483 579 1523 Polyphemum
607 1483 726 1524 effuyit,
754 1485 894 1523 perditus
923 1485 1015 1515 etiam
1045 1488 1089 1516 est
1118 1488 1256 1527 Orontes,
1287 1488 1420 1518 amissus

213 1583 225 1605 1
246 1580 372 1612 quamvis
393 1601 397 1605 .
415 1601 419 1605 .
438 1600 443 1604 .
464 1579 561 1613 velint]
584 1579 710 1613 Hyginus
730 1588 773 1613 ap.
796 1580 865 1606 Gell.
883 1580 907 1605 X
925 1584 964 1612 16,
981 1584 1004 1606 6.
1025 1581 1114 1607 Diom.
1130 1591 1156 1615 p.
1172 1585 1232 1614 443,
1249 1586 1279 1609 21
1291 1592 1348 1616 sqq.
1365 1583 1396 1609 K.
1412 1584 1421 1616 ΙῙ

141 1618 155 1640 7
175 1615 242 1640 litus
263 1635 267 1640 .
290 1636 295 1641 .
317 1636 321 1641 .
346 1615 449 1649 vicina]
480 1615 544 1640 [sid.
570 1615 637 1648 orig,
659 1615 721 1641 XIV
742 1619 771 1647 8,
792 1618 832 1641 41.
867 1615 913 1647 (cf.
934 1615 1008 1642 Serv.
1029 1616 1065 1642 ad
1084 1617 1151 1642 Aen.
1172 1618 1209 1643 III
1229 1620 1291 1650 389)
1321 1627 1419 1644 comm.

141 1650 204 1676 Luc.
226 1651 275 1676 Vll
296 1654 345 1676 134
360 1652 368 1684 ΙΙ
383 1653 398 1675 8
418 1650 447 1676 in
467 1650 577 1684 quarto]
598 1653 648 1676 212
664 1651 673 1683 ΙΙ
690 1654 720 1675 10
741 1650 842 1676 Fabius
862 1651 1010 1685 Maximus]
1031 1651 1095 1677 hist.
1111 1652 1191 1679 Rom.
1206 1654 1266 1679 rell.
1283 1654 1323 1679 ed.
1340 1654 1421 1680 Peter

139 1695 165 1718 p.
184 1689 232 1711 114
247 1687 255 1719 ΙΙ
272 1689 302 1712 16
323 1686 407 1720 nunc]
429 1686 459 1711 A.
482 1686 505 1711 V
525 1689 574 1711 457
590 1687 599 1718 ΙΙ
617 1688 647 1711 18
667 1694 699 1711 ae
719 1686 807 1720 velut]
828 1687 860 1711 A.
877 1686 900 1711 X
917 1689 966 1712 707
981 1688 990 1720 Η
1007 1690 1038 1713 19
1059 1687 1166 1713 saueius
1186 1688 1246 1723 ille]
1268 1689 1300 1715 A.
1316 1689 1367 1714 XII
1382 1692 1397 1714 5
1413 1692 1414 1695 ’

140 1724 172 1746 22
192 1721 330 1747 iactamur
349 1743 354 1747 .
377 1743 381 1748 .
403 1743 408 1748 .
429 1721 521 1755 terris]
544 1729 628 1747 exscr.
648 1721 712 1748 lsid.
733 1721 789 1747 diff.
811 1721 885 1747 verb.
906 1725 956 1747 305

212 1813 225 1835 1
252 1810 388 1843 superflue
410 1810 473 1836 CM
504 1810 656 1843 superfluos
676 1810 706 1835 H
729 1811 738 1843 ΙΙ
766 1814 780 1835 2
802 1810 971 1843 prolempsin
990 1811 1062 1837 BM
1092 1812 1274 1846 prolempsim
1294 1814 1392 1846 reliqui
1411 1814 1419 1847 11

140 1844 245 1871 lauinia
266 1845 298 1877 0,
324 1846 370 1872 sed
393 1846 479 1871 altera
502 1845 512 1871 i
535 1854 614 1872 erasa
638 1848 682 1871 est.
712 1847 720 1879 ΙΙ
753 1849 768 1871 4
787 1846 878 1878 plytes
901 1845 923 1871 O
952 1847 1061 1879 polytes
1083 1847 1116 1873 02
1143 1849 1152 1881 ΙΙ
1180 1848 1351 1881 polytorium
1372 1849 1394 1873 C

141 1883 155 1904 6
171 1881 207 1906 acl
223 1889 244 1906 v.
260 1884 275 1906 3
291 1880 387 1907 Litora
400 1880 531 1915 iactatus]
548 1881 677 1907 fluetibus
694 1881 834 1914 fatigatus.
869 1881 945 1915 Alto]
966 1882 1044 1908 mari.
1078 1883 1228 1916 aliquando
1249 1883 1418 1917 superiorem

141 1916 248 1948 partem
268 1916 340 1949 (pai)
360 1915 513 1949 signifieat3
538 1925 659 1949 namque
683 1925 828 1942 mensurae
849 1924 949 1942 nomen
969 1918 1011 1943 est
1030 1918 1158 1944 altitudo.
1181 1919 1208 1944 P
1229 1920 1238 1952 ΙΙ
1262 1919 1418 1945 miliaribus

142 1950 189 1976 0³1
203 1951 211 1984 ΙΙ
232 1954 245 1976 7
265 1950 371 1976 lauinia
392 1951 414 1977 C
439 1951 544 1984 (lauina
565 1952 633 1985 0²)11
657 1955 687 1977 10
708 1952 736 1977 et
754 1952 827 1977 terra
847 1951 902 1977 diei
920 1961 1002 1985 posse
1023 1953 1066 1987 ΟΙΙ
1082 1954 1110 1980 et
1129 1962 1178 1980 om.
1199 1954 1282 1988 LHu
1303 1958 1334 1980 12
1354 1954 1417 1980 lito-

140 1985 376 2019 riosissimumque
398 1986 421 2012 C
439 1987 448 2020 u
472 1987 591 2013 multille
612 1996 660 2013 om.
681 1986 737 2012 ΒΟ
768 1987 849 2012 multi
868 1987 916 2013 ille
937 1988 972 2013 M
997 1989 1006 2021 ΙΙ
1033 1992 1063 2014 13
1085 1989 1200 2016 eonlisio
1221 1991 1264 2016 est
1283 1990 1311 2016 et
1329 1998 1378 2016 om..
1400 1990 1423 2016 G

140 2021 259 2053 (collisio
284 2022 327 2047 est
348 2030 423 2054 supr.
445 2029 508 2047 vers.
529 2023 591 2048 add.
613 2022 655 2053 0³)
675 2023 684 2055 ἱΙ
709 2025 741 2047 14
767 2023 798 2048 ut
822 2023 877 2048 stet
901 2031 995 2049 versus
1015 2023 1166 2051 Fabricius
1189 2034 1292 2058 quoque
1315 2026 1393 2051 habet
1411 2026 1419 2058 ᾖ]

143 2059 173 2082 15
194 2065 288 2083 sensus
308 2057 356 2083 sed
373 2065 429 2082 non
449 2057 505 2083 stat
523 2066 618 2084 uersus
633 2058 662 2083 D
676 2059 685 2091 ΙΙ
700 2057 747 2091 qui
766 2057 870 2090 primus
891 2058 976 2092 enim]
997 2067 1062 2085 sane
1082 2060 1129 2093 qui
1148 2060 1253 2094 primus
1271 2060 1313 2094 011
1329 2064 1360 2086 17
1377 2069 1417 2086 ar-

141 2092 258 2118 caismos
276 2092 303 2118 B
335 2092 509 2118 sarchasmos
528 2092 553 2118 L
582 2093 687 2126 (prima
711 2102 723 2118 s
750 2095 838 2126 erasa)
871 2093 1007 2120 arcaismo
1027 2095 1060 2120 H
1090 2095 1221 2122 earismos
1245 2097 1280 2121 M
1308 2096 1416 2129 (arcais-

141 2136 199 2154 mos
219 2130 255 2160 m)
278 2128 287 2161 ΙΙ
310 2128 397 2162 certe]
426 2127 500 2153 idem
519 2128 581 2154 add.
604 2128 631 2153 Ο.
660 2129 775 2160 fortasse
794 2129 842 2153 aut
861 2130 934 2154 certe
953 2129 1015 2155 ideo
1039 2130 1048 2162 ΙΙ
1073 2133 1104 2156 19
1125 2132 1167 2157 est
1186 2140 1234 2157 om.
1251 2132 1276 2156 L
1299 2132 1307 2164 ΙΙ
1331 2131 1417 2165 enim]

140 2164 234 2189 autem
253 2163 323 2189 LM
342 2164 350 2196 ΙΙ
374 2166 408 2189 20
428 2163 476 2188 1110
502 2184 507 2189 .
528 2184 533 2189 .
555 2184 560 2188 .
585 2163 736 2197 emanavit]
766 2163 815 2189 illo
841 2163 874 2189 de
898 2164 1032 2197 polydoro
1053 2165 1076 2191 C
1093 2168 1123 2191 ut
1146 2167 1265 2198 videtur,
1296 2176 1360 2192 uam
1385 2167 1417 2192 de

140 2199 261 2224 radendo
285 2199 456 2225 obscuratum
481 2201 525 2224 est.
564 2198 612 2224 illo
638 2198 712 2231 quod
737 2207 751 2224 e
775 2199 883 2224 tumulo
907 2199 1035 2232 polydori
1059 2201 1171 2234 sanguis
1197 2202 1338 2228 emanauit
1358 2201 1391 2227 0³

141 2236 172 2259 21
194 2234 267 2267 apud
286 2234 423 2260 strofadas
442 2233 547 2259 insulas
567 2233 658 2267 arpyis
678 2233 751 2266 apud
771 2234 875 2259 cretam
894 2234 1055 2267 pestilentia
1071 2235 1113 2269 ΟΙΙ
1128 2237 1228 2270 harpes
1243 2238 1269 2262 B
1294 2236 1418 2269 harpigis

141 2269 166 2294 L
195 2269 299 2303 harpiis
319 2269 353 2295 H
378 2269 470 2303 arpyis
488 2269 522 2295 M
536 2270 591 2302 1122
612 2268 641 2294 111
659 2266 743 2295 tertio
764 2270 792 2294 et
810 2269 922 2302 proprie
941 2270 1051 2296 locutus
1070 2273 1113 2298 est
1130 2281 1196 2298 nam
1216 2272 1352 2298 iactamur
1366 2272 1394 2296 D

142 2307 174 2329 23
195 2304 250 2330 dufi
271 2305 303 2337 O,
322 2305 367 2331 sed
386 2305 403 2331 ᾖ
420 2306 451 2331 in
469 2313 523 2332 ras.
541 2304 581 2330 0³.
612 2304 727 2330 duorum
746 2305 831 2336 fuisse
848 2305 962 2331 ridetur.
977 2307 986 2339 ss
1002 2309 1034 2332 24
1055 2307 1213 2341 complexus
1230 2309 1272 2334 est
1285 2307 1322 2332 L:
1343 2315 1414 2333 com-

141 2339 232 2372 pletos
250 2340 277 2365 B
306 2340 442 2366 conclusit
462 2340 484 2367 G
511 2340 660 2373 conplexus
680 2339 714 2365 H
739 2339 897 2373 complexus
918 2341 955 2366 M
967 2341 975 2374 ΙΙ
990 2341 1060 2367 mari
1080 2342 1162 2369 modo
1183 2342 1205 2368 0

1438 696 1469 718 10

1442 964 1470 985 15

1439 1229 1472 1252 20
