1690 2611
230 139 317 165 XCVI
763 137 979 164 PRAEFATIO.

230 220 465 262 discrepantias
491 231 603 251 omnes
628 222 896 252 commemoratas
922 230 992 251 esse
1018 221 1050 250 et
1073 219 1107 250 in
1130 218 1212 259 ipsis
1231 218 1323 250 libris
1348 218 1511 250 conferen-

229 275 278 306 dis
303 275 412 306 omnia
436 285 487 305 me
512 274 720 316 exscripsisse
745 285 826 316 quae
856 274 896 305 ab
921 272 1162 314 exemplaribus
1192 272 1309 313 quibus
1337 274 1444 304 uterer
1468 272 1512 303 di-

230 339 323 359 versa
348 329 456 359 essent
480 328 628 359 consulto
652 339 778 360 moneo.

319 381 520 413 Veronensia
543 382 577 412 in
600 381 779 413 Aeneidem
804 380 929 412 scholia
949 380 1044 411 alteri
1069 379 1240 420 volumini,
1265 390 1327 420 quo
1353 378 1509 410 Serviana

229 435 263 466 in
287 435 366 466 Aen.
389 435 445 467 lib.
469 434 624 466 VI—XH
653 436 836 466 commenta
860 434 1008 474 edentur⁷
1038 433 1162 464 addam.
1200 431 1413 464 Hermanni
1437 431 1511 464 Ha-

230 489 317 530 geni
348 499 446 530 opera
476 488 522 519 eis
552 488 606 529 qui
637 488 671 519 in
699 487 847 519 bucolica
877 489 909 518 et
943 486 1094 529 georgica
1128 488 1240 517 extant
1269 486 1511 517 commentariis

230 543 431 574 recensendis
462 541 688 586 continebitur.

318 596 434 627 Restat
458 598 494 627 ut
519 595 565 626 eis
590 595 669 626 viris
695 594 837 635 egregiis
863 594 917 635 qui
942 594 975 625 in
1004 593 1065 624 hoc
1089 603 1185 633 opere
1211 592 1407 633 perficiendo
1431 593 1512 624 mihi

231 650 401 682 adfuerunt
421 650 543 690 gratias
560 659 655 690 agam
677 659 774 689 quam
790 648 956 678 maximas.
994 647 1101 687 Atque
1117 645 1339 678 Fridericus
1360 645 1512 677 Schoel-

230 705 305 735 lius
329 715 393 735 non
419 703 522 734 solum
546 702 579 732 in
603 702 743 743 plagulis
769 701 967 743 corrigendis
983 700 1208 732 lubentissime
1231 711 1281 731 me
1304 700 1436 741 adiuvit,
1457 699 1512 731 sed

231 759 328 789 etiam
354 768 435 798 quae
466 757 551 787 inter
582 755 807 796 corrigendum
838 754 902 796 ipsi
934 755 967 785 in
998 756 1139 785 mentem
1171 756 1326 784 venerant
1356 753 1510 784 continuo

231 823 354 842 mecum
386 810 627 842 communicans
659 810 690 839 et
719 808 953 839 dubitationem
983 818 1116 838 movens
1147 807 1252 847 siquid
1280 817 1394 848 parum
1424 808 1511 838 recte

230 865 474 896 administrasse
508 863 641 894 videbar
675 862 796 903 optime
831 861 868 892 de
902 861 963 892 hoc
992 861 1076 892 libro
1113 860 1247 891 meritus
1277 861 1334 892 est.
1376 859 1512 891 Marti-

230 931 299 950 nus
324 918 495 958 Langius
521 928 558 947 ea
582 927 664 957 quae
688 916 775 947 docti
800 915 875 946 Itali
900 926 982 946 saec.
1006 913 1067 945 XV
1093 912 1196 944 Servii
1226 913 1357 944 scholiis
1387 913 1512 944 addide-

230 975 306 1003 runt
335 983 350 1002 e
380 970 556 1002 Dresdensi
590 969 697 1001 codice
727 979 833 1000 meum
862 968 896 999 in
924 979 1017 999 usum
1037 966 1300 1008 'diligentissime
1334 966 1514 1007 exscripsit.

231 1026 393 1058 codicibus
419 1026 527 1055 autem
552 1023 762 1065 procurandis
788 1021 1113 1061 transmittendisque
1139 1020 1201 1051 sibi
1225 1031 1276 1050 me
1302 1019 1514 1051 devinxerunt

231 1080 447 1112 Gulielmus
464 1077 744 1109 Brambachius
770 1078 802 1107 et
821 1075 1004 1106 Alfredus
1029 1074 1221 1105 Holderus
1238 1072 1515 1114 Caroliruhenses,

231 1133 392 1165 Carolus
417 1131 595 1163 Halmius
620 1129 840 1169 Monacensis,
869 1128 911 1160 M.
935 1128 1084 1159 Islerus
1109 1126 1377 1168 Hamburgensis,
1401 1126 1512 1157 Ioan-

230 1199 295 1219 nes
327 1185 583 1218 Schubartius
613 1183 832 1223 Cassellanus,
866 1182 1029 1214 Carolus
1060 1180 1406 1223 Zangemeisterus
1435 1179 1511 1211 Hei-

231 1239 460 1282 delbergensis.
503 1238 654 1270 subsidiis
679 1238 793 1269 horum
824 1236 967 1268 virorum
996 1235 1192 1266 liberalitate
1221 1234 1344 1275 paratis
1374 1233 1402 1265 si
1426 1233 1511 1265 docti

230 1295 377 1325 homines
403 1293 449 1324 ita
474 1303 524 1323 me
549 1303 643 1323 usum
668 1302 738 1323 esse
762 1289 975 1321 iudicaverint
1004 1290 1040 1320 ut
1065 1288 1104 1319 ad
1129 1290 1273 1319 veterum
1297 1286 1435 1329 Vergilii
1464 1287 1511 1317 in-

230 1350 409 1389 terpretum
425 1346 578 1387 reliquias
604 1345 655 1376 via
680 1356 716 1375 ac
740 1344 866 1374 ratione
881 1342 1068 1373 tractandas
1084 1342 1206 1372 aditum
1222 1340 1422 1382 patefactum
1442 1351 1511 1371 esse

232 1403 397 1439 censeant,
422 1400 554 1431 uberem
578 1398 700 1429 laboris
725 1398 866 1428 fructum
890 1396 1040 1426 retulisse
1066 1394 1145 1426 mihi
1170 1394 1311 1426 videbor.

321 1463 386 1495 Scr.
410 1462 646 1502 Heidelbergae
671 1471 781 1492 mense
806 1459 977 1491 Decembri
1003 1470 1030 1490 a.
1053 1456 1329 1489 MDCGCLXXX.

1126 1551 1291 1585 Georgius
1315 1550 1421 1577 ¹Philo.
