1690 2611
484 124 595 153 COMM.
616 125 654 152 IN
673 124 780 151 VERG.
803 124 884 151 AEN.
907 124 950 152 [V.
971 128 1118 151 507—513.
1373 123 1436 155 557

161 209 219 240 aut
240 207 356 240 ‘tonat'
381 208 467 240 clara
489 217 557 239 voce
585 209 614 239 et
639 217 706 239 cum
733 207 847 247 fiducia
875 207 1002 238 invocat.
1092 216 1233 239 EREBVM
1262 206 1437 238 inferorum

162 262 424 305 profunditatem.

251 316 324 348 511.
363 327 610 350 TERGEMINAMQVE
629 327 764 346 areum
785 315 909 354 quidam
930 314 1064 346 Hecaten
1090 316 1203 346 dictam
1222 325 1283 346 esse
1303 314 1437 351 tradunt,

159 369 240 409 quod
261 370 363 401 eadem
387 372 415 400 et
436 369 547 400 Diana
568 369 610 400 sit
631 371 659 400 et
681 368 878 408 Proserpina,
902 365 965 399 ἀπὸ
995 369 1063 399 τῶν
1087 367 1263 409 §uarice-ov:
1291 368 1336 399 vel
1358 368 1439 407 quod

159 423 316 463 Apollim's
338 433 425 454 soror
446 423 498 462 sit,
521 423 575 462 qui
597 425 641 454 est
668 419 874 462 ἑκατηβόλος.
919 422 972 453 secl
993 422 1156 453 secuudum
1180 422 1350 453 Hesiodum
1374 421 1436 452 He·
1457 426 1472 449 5

160 479 224 507 cate
247 476 336 508 Persi
362 477 484 508 Titanis
511 478 540 507 et
561 476 702 507 Asteriae
724 475 793 515 filia
816 478 871 516 est,
901 474 1012 506 Diana
1035 475 1119 506 Iovis
1142 478 1170 506 et
1188 475 1338 515 Latonae,
1363 474 1436 505 Per-

159 530 286 570 sephone
308 530 393 561 Iovis
415 532 444 561 et
465 529 590 567 Cereris,
614 540 707 569 quam
727 529 935 570 genealogiam
953 529 1135 568 posteriores
1158 529 1370 567 confuderunt.

161 592 241 614 TRIA
266 591 419 614 VIRGJNIS
445 591 515 614 ORA
539 591 671 614 DmNAE
692 582 820 613 iteratio
841 583 903 614 est:
927 580 1044 622 Lunae,
1064 582 1196 623 Dianae,
1216 582 1437 622 Proserpinae.

160 639 188 667 et
210 647 278 667 cum
301 646 391 676 super
419 639 516 667 ἰωή-(ιε
543 639 598 674 est,
631 637 762 667 creditur
789 646 850 667 esse
878 635 986 672 [amm
1017 646 1084 666 eum
1114 636 1148 666 iu
1176 636 1278 675 terris,
1310 634 1436 671 Diam&

160 700 228 721 cum
250 690 306 721 sub
330 691 426 728 terris,
446 689 643 730 Proserpina.
671 690 852 729 quibusdam
871 689 936 720 ideo
956 689 1104 729 triplicem
1118 689 1226 728 placet,
1250 689 1324 728 quia
1343 689 1436 719 Istma
1458 694 1491 716 10

161 746 220 775 tres
247 744 364 784 fiyuras
396 743 495 782 habet,
525 744 631 783 prima
664 746 820 783 tamquam
855 746 893 783 K,
924 753 1047 783 sequeus
1079 745 1236 783 tamquam
1261 745 1285 772 (1
1291 767 1298 783 ‚
1329 743 1436 782 qm'ata

160 798 274 829 decima
296 800 454 837 uunquam
476 799 522 834 O.
554 808 614 828 uon
639 797 720 828 nulle·
742 797 867 828 eandem
880 796 1043 832 lammam,
1063 796 1214 836 Dianam,
1230 796 1364 827 Hecaten
1385 806 1438 835 ap-

154 851 275 891 pellant
300 851 380 892 ideo,
409 851 484 891 quia
511 851 568 882 uui
595 851 667 882 (leae
691 853 750 882 tres
772 851 939 890 culsifflumt
960 853 1122 890 potestates
1144 850 1289 881 nascendi
1316 850 1438 881 valendi

160 905 329 936 moriendi:
352 907 380 935 et
402 905 522 944 quidem
546 905 691 936 uaseeuclz'
713 904 867 935 Lucinam
891 905 977 935 dcam
1002 914 1063 936 esse
1081 905 1198 944 dicunt,
1217 896 1339 944 ralemli
1358 903 1437 934 Dia-

159 969 246 999 nam,
270 958 420 989 moriendi
443 958 597 989 Hecaten:
621 957 656 989 ol)
679 968 771 997 quam
796 958 944 998 triplicem
962 960 1141 998 potestatem
1170 958 1339 997 triformem
1369 967 1437 1001 eam
1459 962 1490 984 15

160 1011 365 1052 triplicemque
386 1012 552 1051 finxerunt,
576 1012 663 1042 cuius
686 1012 720 1042 iu
744 1011 843 1042 triviis
867 1011 979 1051 templa
1002 1011 1067 1042 ideo
1090 1013 1277 1042 struxerunt.

247 1065 322 1096 512.
360 1073 554 1097 SIMVLATOS
579 1073 703 1096 FONTIS
728 1073 859 1096 AVERNI
883 1065 917 1095 in
942 1064 1053 1105 sacris,
1083 1067 1119 1096 ut
1147 1075 1244 1105 supra
1273 1063 1327 1104 <11
1355 1064 1437 1104 116>

161 1117 309 1160 diximus,
334 1130 415 1160 quae
440 1118 583 1150 exhiberi
608 1129 672 1150 non
696 1120 849 1159 poterant
873 1118 1118 1159 simulabantur,
1142 1120 1174 1149 et
1194 1119 1286 1149 erant
1305 1128 1362 1158 pro
1383 1128 1435 1148 ve-

159 1172 212 1203 ris.
259 1172 340 1204 bene
365 1174 472 1204 autem
496 1172 534 1203 de
558 1171 695 1213 Averno,
719 1183 775 1213 per
801 1183 895 1213 quem
920 1172 1090 1203 descensus
1111 1172 1151 1203 ad
1170 1171 1289 1203 inferos
1310 1171 1436 1202 dicitur.

248 1225 322 1257 513.
360 1234 527 1258 FALCIBVS
552 1234 596 1256 ET
621 1234 754 1257 MESSAE
781 1234 827 1256 AD
848 1234 969 1256 LVNAM
990 1234 1225 1263 QVAERVNTVR
1246 1233 1346 1256 AENIS
1366 1225 1435 1255 her—
1457 1230 1490 1253 20

159 1279 219 1311 bae
243 1280 328 1311 enim
353 1282 408 1311 aut
430 1291 489 1321 pro
513 1279 608 1310 lunae
632 1279 756 1310 ratione
781 1279 954 1320 tolluntur3
979 1281 1035 1310 (tect
1056 1280 1089 1309 in
1113 1289 1190 1318 quas
1214 1279 1439 1318 clcspumavere't

160 1333 243 1371 luna,
267 1333 345 1364 sicut
367 1333 514 1364 Lucanus
542 1332 608 1371 <VI
633 1333 719 1372 506>
748 1333 857 1364 (louec
884 1332 1094 1372 subpositas
1116 1332 1275 1372 propius
1308 1332 1436 1372 despu-

159 1389 229 1417 met
250 1387 288 1418 iu
311 1386 457 1418 herbas:
482 1397 541 1418 nec
565 1397 674 1417 omnes
699 1386 809 1417 eodem
834 1386 943 1418 modo:
969 1386 1050 1417 unde
1069 1387 1174 1427 perite
1199 1388 1231 1417 et
1255 1385 1358 1416 ‘aenis
1378 1385 1437 1416 fal-

160 1439 268 1471 cibus'
294 1440 389 1480 dixit,
414 1440 489 1481 quia
513 1440 596 1471 aliae
620 1440 796 1480 velluntur,
822 1441 902 1471 aliae
934 1440 1130 1471 inciduntur:
1161 1442 1193 1471 et
1224 1439 1280 1470 ‘ad
1310 1438 1436 1470 lunam’

159 1504 223 1525 non
255 1493 295 1525 ad
327 1496 467 1534 noctem,
501 1493 554 1525 sed
589 1493 628 1524 ad
661 1493 755 1524 lunae
789 1494 1058 1525 observationem.
1105 1492 1294 1534 ‘pubentes'
1328 1495 1436 1524 autem
1456 1499 1489 1521 ‘25

162 1548 235 1589 ideo,
259 1547 335 1588 quia
359 1547 441 1578 aliae
466 1548 584 1587 siccae,
609 1547 691 1578 aliae
716 1547 883 1579 viridiores
908 1548 1070 1589 leguntur.
1116 1550 1148 1579 et
1170 1547 1333 1579 sciendum
1352 1547 1437 1578 inter

161 1601 307 1632 homines
333 1603 364 1632 et
387 1600 504 1632 herbas
528 1612 597 1632 esse
621 1601 818 1642 reciprocam
838 1602 1099 1633 translationem:
1125 1602 1169 1632 sic
1190 1601 1276 1632 enim
1301 1600 1435 1641 ‘puben-

162 1657 228 1686 tem
252 1654 403 1686 herbam'
428 1654 574 1695 dicimus,
600 1654 869 1696 quemadmodum
895 1654 1023 1686 ‘florem
1050 1653 1193 1686 aetatis’.

231 1745 244 1768 1
267 1742 410 1768 ‘Erebum’
433 1763 438 1768 .
455 1763 459 1768 .
477 1749 482 1768 ;
502 1742 733 1777 profunditatem]
754 1751 838 1768 exscr.
859 1742 922 1768 Isid.
943 1751 981 1769 or.
997 1742 1060 1768 XIV
1077 1746 1101 1775 9,
1117 1743 1155 1776 611
1176 1745 1190 1767 5
1211 1742 1361 1768 secundum
1381 1742 1434 1768 He—

160 1777 280 1840 sliaotdupgi]
289 1778 610 1840 eizhgcligjfiOg-sttxlhoem.
626 1779 635 1811 11
658 1781 689 1804 10
710 1778 875 1811 quibusdam
896 1800 902 1804 .
920 1800 924 1804 .
942 1800 946 1804 .
967 1780 1111 1812 tamquam
1135 1777 1178 1812 C]
1199 1778 1232 1804 cf.
1254 1777 1316 1804 lsid.
1338 1778 1363 1804 d.
1383 1786 1434 1804 rer.

231 1897 243 1920 1
256 1895 292 1920 ad
306 1895 386 1921 tonat
399 1902 473 1928 supr.
484 1903 550 1920 vers.
566 1894 641 1921 clara
651 1903 719 1921 uoce
730 1896 759 1921 et
773 1903 835 1921 cum
851 1894 951 1921 fiducia
965 1895 1079 1921 inuocat
1088 1895 1113 1920 T
1125 1896 1134 1927 11
1149 1904 1271 1920 nenesvn
1280 1894 1339 1920 NL
1346 1894 1378 1920 H
1382 1894 1418 1920 M

160 1933 175 1956 3
195 1930 309 1963 quidam
329 1929 452 1956 Hecaten
473 1952 478 1956 .
495 1952 500 1956 .
518 1952 523 1957 .
543 1930 606 1956 ideo
626 1932 785 1957 struxerunt
803 1931 833 1956 iu
848 1939 932 1964 mary.
947 1931 999 1963 inf.
1015 1930 1040 1956 T
1052 1932 1061 1964 11
1076 1940 1173 1956 senes
1193 1930 1222 1955 F
1234 1931 1243 1963 11
1258 1931 1365 1956 enatem
1386 1929 1416 1956 F

159 1969 175 1992 4
195 1974 248 2000 apo
267 1967 316 1992 ton
334 1966 485 1992 hecatoron
504 1965 534 1991 F
558 1974 610 1999 apo
629 1968 678 1992 ton
698 1966 849 1992 hecateron
867 1967 891 1991 T
904 1967 912 1999 11
928 1970 942 1992 5
958 1966 1005 1999 qui
1021 1969 1063 1992 est
1077 1974 1126 1992 om.
1142 1966 1164 1991 Τ
1175 1967 1184 1999 11
1199 1968 1292 1992 eeeate
1312 1966 1392 1992 bolos
1409 1965 1438 1991 F

158 2001 338 2028 hecatebulos
352 2001 377 2027 T
386 2002 395 2034 11
410 2001 458 2027 sed
468 2000 629 2027 Schoellius:
640 2003 668 2028 et
680 2001 739 2027 FT
750 2003 759 2035 11
774 2002 897 2028 esiodum
908 2001 938 2027 F
949 2003 958 2035 11
973 2005 987 2027 6
999 2002 1026 2028 et
1036 2001 1111 2035 persi
1121 2001 1156 2034 F,
1168 2001 1245 2027 Persi
1256 2010 1304 2028 om.
1314 2001 1417 2027 Daniel
1427 2001 1436 2021 11

158 2036 262 2063 asteria
276 2036 307 2062 F
317 2037 326 2070 11
341 2039 369 2063 et
387 2037 458 2063 iouis
474 2036 503 2062 F
515 2037 524 2070 11
543 2040 557 2063 7
574 2037 644 2063 bene
659 2037 782 2071 clogiam
798 2037 828 2063 F
839 2038 848 2071 11
862 2037 1014 2072 posteriore
1031 2037 1060 2062 F
1072 2038 1080 2070 11
1096 2037 1285 2063 confuderunt.
1314 2038 1342 2063 et
1361 2037 1434 2070 quod

159 2072 228 2099 dicit
246 2072 301 2099 tria
315 2072 432 2106 uirginis
447 2081 467 2099 e,
478 2081 501 2106 q.
513 2080 534 2098 s.
552 2072 576 2097 T
588 2073 597 2105 11
612 2075 627 2098 8
647 2072 700 2106 est]
721 2072 842 2098 eiusdem
862 2073 903 2099 rei
922 2073 985 2099 aclcl.
1000 2073 1104 2098 Daniel
1117 2074 1126 2106 11
1141 2076 1155 2098 9
1176 2081 1258 2106 supra
1280 2073 1304 2098 T
1317 2074 1326 2106 11
1340 2072 1434 2098 lunam

160 2107 190 2134 F
201 2109 210 2141 11
226 2111 258 2134 10
273 2117 324 2142 sup
340 2108 370 2134 F
382 2109 391 2141 11
407 2111 437 2134 11
453 2109 526 2133 teres
542 2107 571 2133 F
582 2108 591 2140 11
605 2108 734 2142 sequens]
754 2109 818 2140 fort.
834 2108 953 2142 septima
967 2109 976 2142 11
990 2108 1019 2142 ‹1]
1037 2109 1055 2140 J)
1071 2109 1188 2140 Dauiel,
1210 2111 1238 2139 O
1258 2108 1413 2134 Masvz'eius

159 2144 256 2177 quinta
272 2144 395 2178 decima]
415 2153 450 2170 xv
471 2143 544 2175 FT,
564 2144 690 2169 lacunam
710 2144 843 2170 iudicavit
861 2144 978 2175 Daniel,
996 2143 1080 2170 tertia
1101 2144 1255 2170 Masvicz'us
1269 2145 1278 2177 11
1295 2147 1326 2169 12
1349 2144 1391 2177 O]
1414 2143 1433 2174 D

159 2179 314 2206 Masvicius
328 2181 337 2213 11
356 2179 502 2213 Lucinam]
522 2179 616 2204 lunam
640 2179 664 2204 T
676 2180 684 2212 11
704 2180 801 2205 ccaten
820 2179 945 2213 apellant
964 2179 994 2205 F
1005 2180 1014 2212 11
1034 2183 1065 2205 13
1086 2179 1216 2214 adsignat
1235 2179 1265 2205 F
1292 2179 1435 2212 assignant

161 2215 185 2240 T
197 2216 206 2248 11
222 2218 254 2241 14
274 2215 387 2248 quidam
408 2214 458 2248 Fss
474 2218 505 2240 15
526 2216 622 2240 ecateu
641 2214 670 2240 F
683 2216 691 2247 11
707 2218 738 2240 16
758 2215 912 2241 fincxerunt
930 2215 959 2240 F
971 2216 980 2248 11
994 2215 1075 2241 trifiis
1095 2215 1145 2248 Fu
1161 2219 1192 2241 17
1213 2225 1310 2240 FONTES
1329 2201 1364 2240 Lo
1368 2214 1377 2247 11
1391 2214 1433 2248 nt]

158 2250 214 2276 iam
229 2251 261 2276 H
273 2252 282 2284 11
298 2254 330 2277 18
345 2252 495 2284 potuerunt
510 2249 540 2275 F
552 2251 560 2283 11
575 2251 655 2276 erunt
670 2250 695 2275 L
710 2250 719 2283 11
733 2253 766 2276 20
782 2251 884 2276 herbae
900 2250 984 2285 enim]
1005 2251 1070 2284 quia
1084 2251 1166 2277 erbae
1183 2251 1212 2276 F
1224 2252 1232 2284 11
1247 2251 1313 2283 quia
1331 2249 1434 2275 heibae.

159 2287 227 2312 aut.
257 2286 500 2313 obseruationem
521 2286 552 2311 ίη
570 2293 655 2319 marma
669 2281 931 2319 Τ1121“εθοι1ῃάιιω
952 2286 1033 2312 lunae
1052 2286 1189 2313 rationem
1209 2286 1239 2312 F
1246 2286 1269 2311 T
1282 2287 1338 2319 1123
1359 2285 1434 2311 eneis

158 2321 190 2346 N
216 2322 308 2348 aeneis
324 2322 356 2347 H
367 2323 376 2355 11
395 2325 428 2347 25
449 2320 650 2347 obseruationis
665 2321 695 2347 F
707 2323 715 2355 11
730 2322 866 2355 pubentes
886 2321 991 2356 autem]
1012 2332 1143 2348 pvnsssms
1163 2331 1266 2348 flamm:
1281 2321 1310 2346 Γ
1337 2322 1365 2346 et
1384 2329 1433 2353 pu-

158 2357 254 2383 bentes
276 2357 311 2383 M
323 2359 380 2391 1126
400 2357 489 2383 siccae
509 2357 581 2383 aliae
600 2357 625 2382 L
640 2358 649 2390 11
669 2360 700 2383 27
721 2357 876 2391 iecipiocas
895 2357 1092 2384 translationes
1114 2358 1150 2383 M
1163 2359 1172 2391 11
1186 2357 1350 2383 relationem
1371 2356 1401 2382 F

1168 2401 1222 2427 36*
