1690 2611
494 116 606 143 COMM.
627 116 665 142 IN
685 115 790 142 VERG.
810 115 893 142 AEN.
913 116 959 142 IV.
982 119 1128 143 137—144.
1384 115 1448 146 489

173 208 279 230 aerea
302 199 360 230 eui
380 199 560 239 yradibus
586 198 786 239 sumebant
809 198 941 229 limina
974 201 1001 228 et
1029 197 1115 238 <VII
1140 199 1224 237 278>
1253 209 1366 229 aurea
1389 208 1449 238 pr>-

172 252 336 283 etoribus
359 253 518 284 demissa
541 252 697 283 monilia
714 252 890 292 pendent:
914 252 1099 282 necessarias
1122 252 1167 282 ita
1190 251 1275 291 <VII
1300 251 1384 292 219>
1407 251 1450 282 ab

172 305 259 337 Iove
280 306 516 346 principium
545 306 704 346 yeneris,
737 305 822 336 Iove
854 304 1040 335 Dardana
1068 305 1196 344 pubes:
1230 305 1373 344 optabiles
1406 305 1450 335 ita

172 358 240 399 <III
270 359 356 400 522>
385 359 628 399 humilemque
655 359 818 389 videmus
850 358 1017 389 Italiam,
1108 366 1230 389 CRINES
1260 366 1450 389 NODANTVR

173 421 211 443 IN
239 421 358 443 AVRVM
388 413 488 444 veluti
516 412 667 444 retiolum
695 412 783 450 dicit,
812 410 896 452 quod
926 411 1052 452 colligit
1080 422 1201 442 comas:
1230 422 1307 451 quae
1336 411 1450 442 Graece
1469 420 1484 441 5

172 465 326 507 κρωβύλη
351 467 472 498 dieitur.

265 520 335 550 141.
372 528 447 551 IPSE
472 528 563 551 ANTE
588 527 690 550 Amos
715 519 790 560 quia
814 520 955 558 amatur,
978 520 1007 549 et
1029 517 1101 549 ideo
1133 518 1161 548 ei
1189 518 1243 548 dat
1272 518 1448 559 pulchritu-

172 572 293 614 dinem,
317 573 393 605 lioet
417 573 556 604 Ascanio
581 572 685 614 magis
712 574 877 613 congruat.
910 612 913 614 ‚
956 584 1181 603 PVLCHERRIMVS
1203 582 1239 602 eac
1262 573 1366 603 animo
1391 571 1448 603 Di-

170 627 277 658 donis:
300 626 354 658 hoe
377 627 458 658 enim
482 627 508 657 ei
531 626 696 657 videbatur.
747 626 823 657 alibi
846 625 976 666 epitheta
998 625 1120 656 Aeneae
1143 626 1212 656 dat:
1241 636 1308 656 cum
1333 625 1448 665 reliyio-

169 690 238 711 smn
262 680 402 718 ostendit,
426 680 499 711 dicit
523 679 656 719 ‘pium';
681 690 749 710 eum
771 680 892 719 fortem,
917 678 1192 719 ³magnianimum³.
1470 686 1501 707 10

262 734 332 765 143.
382 746 429 765 mn
449 733 503 765 hoe
526 736 569 765 est
593 733 693 764 ‘6⁴11an
759 742 941 763 HIBERNAM
965 741 1098 763 LYCIAM
1122 743 1188 763 non
1212 743 1367 773 asperam,
1393 732 1447 763 sed

172 788 284 828 aptam
307 787 449 818 hiemare
473 786 692 827 cupientibus:
717 787 762 818 sic
787 786 873 818 enim
898 797 931 817 se
956 786 1054 817 habet
1077 788 1196 817 natura
1219 785 1371 827 regionis.
1417 788 1449 816 et

170 840 250 871 benc
274 840 362 871 aliud
385 850 484 881 agens
508 840 597 871 aliud
622 840 774 871 ostendit:
793 851 868 871 nam
893 842 1021 871 constat
1045 839 1230 880 Apollinem
1255 850 1310 870 sex
1335 839 1448 870 mensi-

170 893 230 924 bus
254 893 446 925 hiemalibus
467 893 551 933 apud
572 893 733 933 Pataram,
752 893 870 934 Lyciae
889 893 1062 933 civitatem,
1082 893 1158 923 dare
1177 903 1345 933 responsa:
1366 892 1449 923 unde

171 946 327 978 Patareus
351 946 470 987 Apollo
496 946 623 978 dicitur:
650 950 682 978 et
706 958 760 978 sex
785 947 936 978 mensibus
960 946 1092 977 aestivis
1114 946 1197 987 apud
1218 946 1343 977 Delum.
1380 957 1448 986 erqo
1471 955 1502 977 15

170 999 362 1032 ‘hibernam'
391 1002 496 1031 utrum
524 1000 604 1039 quod
632 999 674 1030 ibi
707 999 840 1030 hiemare
871 1000 979 1037 soleat;
1011 1010 1053 1029 an
1086 999 1251 1039 fh‘iyidam;
1285 1009 1327 1030 an
1355 999 1450 1030 hieme

170 1056 384 1094 temperatam5
414 1063 456 1084 an
484 1063 577 1092 quam
605 1052 728 1084 hiberno
757 1055 886 1094 tempore
914 1053 1047 1084 deserere
1074 1052 1190 1084 soleat?
1282 1065 1452 1088 nmmum:

170 1120 302 1139 mmmm
328 1106 404 1146 ‘que'
424 1117 484 1146 pro
509 1105 584 1137 ‘vel'
604 1106 725 1146 posuit:
748 1106 801 1138 hoe
824 1107 905 1137 enim
929 1107 1003 1137 dicit
1027 1105 1088 1137 ‘vel
1111 1116 1179 1137 eum
1208 1106 1384 1148 Xanthum,
1406 1106 1451 1137 vel

169 1171 241 1196 evrini
256 1160 382 1200 Lyciam
407 1159 577 1201 relinquit’,
600 1162 635 1190 ut
653 1162 695 1191 est
719 1159 771 1200 <ΙΙ
792 1160 854 1200 36>
878 1163 1122 1200 suspectaque
1145 1160 1240 1191 dona
1258 1161 1449 1200 praecipi-

174 1217 253 1245 tare
275 1214 374 1245 ‘iubet
396 1213 640 1253 subiectisque
664 1224 769 1244 urere
790 1214 965 1252 flammis.
1469 1223 1502 1245 20

261 1267 330 1298 144.
368 1279 493 1298 nnsrmr
517 1267 676 1306 relinquit,
704 1269 739 1297 ut
767 1267 820 1307 <11
845 1267 907 1307 28>
937 1268 1167 1308 desertosque
1198 1269 1320 1299 videre
1356 1268 1450 1299 locos

170 1321 329 1360 litusque
351 1321 529 1352 relietum.
598 1333 653 1351 om
662 1333 700 1351 VM
718 1333 878 1351 mmmm
900 1331 977 1360 quae
1000 1321 1154 1352 Latonam
1176 1321 1350 1361 flayientem,
1373 1322 1443 1352 dra-

168 1384 239 1405 cone
261 1374 398 1414 Pythone
420 1375 599 1414 insequente,
623 1375 758 1414 suscepit.
805 1377 831 1405 et
857 1374 912 1405 hoe
939 1375 1017 1412 ideo,
1046 1375 1133 1415 quia,
1161 1375 1239 1406 sicut
1261 1376 1375 1406 dietum
1399 1378 1443 1407 est

169 1438 219 1459 sex
241 1427 393 1459 mensibus
411 1428 532 1459 aestivis
555 1428 638 1467 apud
660 1427 774 1458 Delum
798 1438 941 1468 responsa
964 1429 1025 1459 dat.
1111 1441 1223 1461 INVISIT
1244 1430 1364 1470 repetit:
1383 1440 1441 1469 per

168 1481 249 1521 quod
278 1481 406 1512 ostendit
434 1481 540 1512 relicta
569 1481 646 1512 Delo
678 1482 720 1512 ad
750 1481 879 1522 Lyciam
909 1483 1048 1513 transire.
1144 1492 1273 1514 1NV1sl'r
1305 1491 1442 1514 APOLLO
1463 1492 1495 1514 25

170 1535 316 1575 Apollini
341 1535 483 1566 Aeneam
507 1535 557 1566 vel
591 1537 722 1575 propter
751 1535 903 1576 sagittas,
932 1536 1048 1576 quibus
1078 1536 1112 1566 in
1140 1540 1257 1568 venatu
1288 1537 1449 1585 utebatur,

171 1590 350 1629 comparat3
380 1588 431 1619 vel
455 1591 540 1620 certe
564 1590 696 1629 propter
720 1590 864 1620 futurum
890 1589 1001 1620 infelix
1022 1590 1279 1621 matrimonium:
1304 1592 1340 1621 ut
1364 1590 1448 1621 enim

171 1644 203 1672 et
227 1653 323 1682 supra
347 1642 432 1682 <58>
456 1642 604 1683 diximus,
624 1642 745 1683 nuptiis
761 1644 810 1673 est
825 1642 886 1674 hoe
901 1654 1019 1673 numen
1034 1643 1204 1675 infensum.
1247 1644 1292 1674 vel
1306 1643 1449 1684 Apollini
1488 1678 1491 1681 s

222 1750 258 1773 -5
277 1747 365 1774 veluti
383 1747 513 1774 retiolum
534 1769 539 1774 .
562 1768 567 1773 .
589 1769 594 1774 .
615 1748 720 1782 comas]
741 1747 774 1775 cf.
795 1748 859 1774 Isid.
879 1756 917 1774 or.
938 1748 1000 1773 XIX
1020 1751 1062 1781 31,
1084 1751 1097 1774 7

242 1849 254 1871 1
275 1845 350 1871 aeria
370 1844 420 1879 Fu
435 1846 512 1872 auria
531 1846 560 1871 F
573 1848 581 1879 ss
596 1845 788 1878 peccatoribus
810 1846 859 1879 Fu
874 1849 888 1872 2
909 1846 1025 1872 munilia
1045 1846 1095 1880 Fu
1109 1846 1161 1881 ita]
1182 1855 1231 1873 om.
1255 1847 1279 1872 T
1302 1847 1369 1873 item
1390 1848 1447 1874 Da-

169 1881 223 1907 niel
239 1881 346 1914 primus
360 1881 369 1914 ΙΙ
383 1884 398 1907 3
419 1881 556 1907 obtabiles
578 1881 607 1906 F
618 1883 627 1914 ΙΙ
641 1881 681 1907 ita
700 1890 748 1907 om.
769 1882 791 1906 T
804 1883 812 1915 ΙΙ
828 1885 843 1907 4
862 1882 982 1908 vidimus
998 1882 1027 1907 F
1039 1884 1048 1916 ΙΙ
1063 1886 1077 1907 6
1098 1880 1227 1918 κρωβύλη
1247 1883 1366 1909 Daniel:
1386 1892 1447 1910 xpa-

169 1925 236 1942 BYdN
257 1915 292 1942 F.
326 1914 454 1951 κρωβύλη
479 1917 564 1943 edidit
589 1917 743 1950 Stephanus
766 1918 774 1950 Ι]
803 1918 838 1944 ad
864 1918 1003 1944 subnectit
1021 1919 1055 1950 (v.
1077 1921 1138 1950 139)
1158 1927 1233 1953 supr.
1253 1927 1318 1945 vers.
1341 1928 1447 1945 sursum

169 1952 258 1978 nectit
276 1960 308 1977 ac
328 1960 375 1985 per
395 1952 447 1978 hoc
468 1952 638 1978 succinctam
657 1952 725 1978 facit
746 1953 769 1978 T
782 1954 791 1985 ΙΙ
806 1956 819 1978 7
840 1953 986 1979 amabatur
1008 1953 1057 1987 Fu
1072 1955 1108 1979 ad
1127 1954 1186 1987 ipse
1206 1963 1229 1981 a.
1246 1963 1270 1980 a.
1286 1963 1312 1988 p.
1328 1963 1352 1980 o.
1372 1963 1447 1988 supr.

168 1996 234 2014 vers.
254 1996 287 2013 ex
307 1987 398 2013 auimo
419 1987 527 2013 didonis
547 1987 739 2021 accipiendum
759 1988 961 2022 pulcherrimus
982 1989 1071 2015 omnis
1091 1989 1119 2015 id
1139 1990 1180 2016 est
1199 1990 1271 2015 sicut
1289 1990 1315 2016 ei
1334 1990 1447 2017 uideba-

169 2024 214 2049 tur
236 2023 259 2048 T
279 2024 288 2056 Η
312 2026 326 2049 9
346 2023 460 2055 fortasse
479 2023 547 2049 alibi
567 2023 622 2049 alia
636 2024 645 2056 ΙΙ
666 2026 697 2049 10
717 2023 794 2057 piam
815 2023 843 2049 F
855 2025 864 2057 Η
881 2028 909 2049 11
932 2025 968 2050 ad
987 2024 1036 2050 ubi
1055 2033 1130 2058 supin
1145 2033 1211 2051 vers.
1232 2034 1294 2051 cum
1313 2025 1337 2051 Τ
1347 2027 1356 2059 ΙΙ
1379 2026 1446 2060 11011]

168 2068 241 2085 nunc
260 2059 291 2084 N
307 2059 317 2092 Ι]
343 2061 373 2084 12
394 2059 500 2092 aptam]
522 2060 649 2092 apertam
669 2059 739 2084 ΗΜ
758 2060 767 2092 ΙΙ
792 2059 831 2093 et]
852 2060 899 2085 sed
921 2059 950 2085 F
966 2061 975 2093 ΙΙ
1000 2063 1031 2085 14
1052 2060 1218 2087 hiemalibus
1241 2061 1276 2086 M
1282 2061 1325 2087 Nl
1344 2063 1375 2087 in
1393 2070 1446 2088 ras.

169 2094 270 2124 (alibus
290 2095 320 2120 in
339 2102 393 2120 ras.
415 2094 470 2127 N>:
489 2094 589 2120 hiemis
610 2094 639 2119 F
665 2094 789 2120 hiemens
809 2095 840 2120 H
852 2096 861 2128 ΙΙ
876 2096 1023 2128 patharam
1043 2096 1072 2121 F
1099 2098 1208 2130 patram
1228 2096 1297 2122 NH
1322 2098 1447 2130 pataram

168 2130 193 2155 L
214 2130 269 2163 (sed
289 2138 365 2156 aram
385 2130 416 2156 in
434 2138 488 2156 ras.
509 2130 528 2163 l)
543 2131 551 2163 ΙΙ
572 2130 667 2163 lycyae
688 2130 712 2155 L
740 2130 853 2156 licidam
873 2131 903 2156 H
920 2131 929 2164 ΙΙ
954 2134 985 2156 16
1005 2131 1042 2157 ad
1060 2131 1205 2158 hibernam
1224 2140 1300 2166 supr.
1320 2141 1385 2159 vers.
1408 2133 1447 2158 hi-

168 2165 282 2191 bernam
302 2164 394 2191 liciam
415 2174 559 2199 possumus
580 2165 705 2198 accipere
723 2165 853 2198 frigidam
869 2166 925 2192 siue
941 2168 1126 2200 temperatam
1141 2167 1169 2193 in
1185 2167 1274 2194 hieme
1290 2167 1348 2194 siue
1364 2177 1446 2201 quam

169 2201 285 2227 hiberno
303 2203 429 2234 tempore
449 2201 559 2227 deserat
578 2201 671 2234 apollo
692 2202 720 2227 et
740 2209 792 2234 que
811 2201 839 2227 in
859 2202 911 2227 hoe
930 2202 990 2227 loco
1011 2211 1060 2235 pro
1079 2203 1125 2228 uel
1145 2203 1281 2237 accipitur
1298 2203 1322 2228 T
1335 2205 1343 2236 ΙΙ
1360 2207 1390 2229 17
1406 2203 1446 2229 iu-

169 2237 355 2270 temperatam
375 2237 410 2269 1³,
431 2245 498 2262 corr.
518 2236 621 2262 Daniel
644 2237 653 2270 u
676 2236 799 2262 defert-re
820 2237 849 2262 F
870 2239 878 2270 u
903 2240 934 2263 21
956 2238 992 2263 ad
1012 2238 1115 2264 deserit
1133 2247 1207 2272 supr.
1228 2247 1293 2265 vers.
1314 2239 1447 2272 relinquit

192 2293 196 2298 .
216 2293 221 2297 .
241 2272 368 2298 relictum
391 2272 483 2306 2‘11-23
503 2271 598 2298 fatone
619 2272 648 2297 F
673 2272 772 2300 Pitont·
792 2272 894 2298 Daniel
908 2273 917 2306 ΙΙ
932 2273 1049 2306 suscipit
1069 2273 1105 2306 F,
1125 2282 1192 2300 corr.
1205 2275 1307 2300 Daniel
1321 2275 1330 2307 ΙΙ
1345 2278 1377 2300 24
1399 2283 1447 2300 sex

170 2307 286 2333 Daniel:
305 2315 338 2333 ex
359 2307 388 2333 F
400 2309 409 2341 ΙΙ
424 2308 460 2334 ad
478 2307 574 2334 invisit
591 2316 666 2341 supr.
682 2315 746 2334 vers.
768 2307 865 2334 uisitat
883 2308 985 2342 repetit
1005 2329 1010 2335 .
1027 2330 1032 2335 .
1049 2330 1054 2335 .
1074 2310 1192 2336 transire
1215 2310 1239 2335 T
1251 2311 1261 2343 ΙΙ
1276 2313 1308 2335 25
1329 2310 1391 2336 delo
1409 2310 1434 2336 T
1440 2321 1448 2336 :

170 2343 220 2368 deo
242 2342 271 2368 F
290 2345 299 2376 n
322 2346 355 2368 ‘28
375 2343 419 2369 vel
440 2343 562 2377 Apollini
585 2365 589 2369 .
611 2366 616 2370 .
638 2364 643 2369 .
664 2346 779 2376 possunt.
797 2344 881 2370 edidit
901 2345 1056 2378 »Stephanus
