1690 2611
656 181 661 183 -
680 143 894 170 PRAEFATIO.
1274 144 1425 171 LXXXVII

149 226 289 267 suspicio
314 228 492 258 moveatur.
536 226 575 258 cf.
599 226 706 258 adnot.
731 225 800 257 crit.
824 225 863 257 ad
890 226 945 263 13,
970 226 1026 267 283
1060 227 1109 267 15,
1136 228 1189 268 133
1217 227 1271 267 18,
1294 227 1350 267 5203
1374 227 1425 268 33,

150 280 200 312 10.
224 280 239 311 Ι
263 281 304 311 96
331 279 373 321 (p.
397 280 450 321 48,
475 279 530 323 25)
560 279 703 321 Servius,
733 290 856 311 memor
884 279 1022 310 fortasse
1047 279 1207 311 Iuvenalis
1237 291 1347 312 versus
1373 281 1425 322 qui

149 336 199 366 est
222 336 282 365 sat.
312 334 372 365 XV
398 335 455 375 66,
476 344 653 375 percussum
683 333 823 374 scripsit.
864 343 922 374 pro
954 344 990 364 eo
1020 333 1173 374 plenioris
1203 334 1425 366 commentarii

149 390 273 429 auctor,
302 388 376 429 quia
395 388 501 429 ipsum
525 388 618 419 illum
638 398 766 419 versum
797 386 956 418 adiecerat
979 389 1157 427 superccfztm
1185 388 1307 428 posuit:
1339 387 1425 419 idem

148 441 234 473 BM
253 441 415 472 exhibent.
456 441 471 472 I
497 441 560 472 104
585 440 626 482 (p.
652 441 708 482 50,
733 432 789 482 26)
820 451 885 471 non
904 442 1042 481 possunt
1067 439 1170 471 Servii
1195 451 1262 472 esse
1288 452 1368 482 quae
1393 441 1425 472 in

149 495 242 526 BMl
273 496 383 526 extant
411 495 456 526 vel
478 495 559 534 quod
579 494 680 526 verius
703 497 747 526 est
769 504 801 525 re
828 504 899 525 vera
928 494 1020 524 remi:
1050 493 1148 525 immo
1177 495 1277 526 verius
1305 495 1385 526 illud
1410 506 1425 526 e

148 549 348 590 plenioribus
373 548 464 580 libris
490 548 680 580 arcessitum
696 550 745 579 est
766 548 820 589 qui
843 548 889 578 vel
907 548 988 587 quod
1012 548 1110 579 verius
1133 550 1175 579 est
1194 549 1271 579 remi
1295 548 1426 579 habent.

150 603 273 634 accedit
303 602 387 643 quod
418 601 626 632 inveniuntur
658 613 738 643 quae
771 612 809 633 ex
833 600 949 632 Isidori
981 603 1078 642 atque
1109 600 1426 641 mythographorum

149 656 240 687 libris
264 656 297 687 in
321 655 404 687 BM
421 655 584 687 translata
609 666 678 686 esse
709 665 808 696 prope
839 656 961 686 certum
994 655 1044 686 sit.
1088 654 1190 686 veluti
1210 655 1266 695 69,
1291 655 1309 686 8
1334 655 1426 694 feria-

148 720 217 741 mus
241 709 433 750 scripturam
458 708 644 741 Servianam
675 720 743 740 esse
768 708 951 740 Priscianus
977 708 1133 749 ostendit,
1155 708 1291 747 feriendo
1310 709 1426 748 produ-

148 773 252 794 camus
281 762 423 794 Isidorus
452 763 570 804 posuit.
608 774 637 804 p.
664 763 740 803 101,
767 763 804 793 17
838 762 923 803 quod
947 761 1120 793 Bernensis
1149 761 1248 793 habet
1276 762 1379 793 ommis
1408 774 1426 793 a

148 815 389 858 mythographo
414 815 429 846 I
451 817 591 857 petitum
617 827 686 847 esse
711 818 847 857 apparet
871 816 925 856 qui
949 815 1013 846 fab.
1038 815 1080 846 30
1105 814 1208 846 Servii
1238 815 1425 847 narratione

147 869 181 901 in
203 869 332 901 brevius
358 871 524 901 contracta
547 870 627 901 haec
651 869 781 911 scripsit
810 872 873 900 tum
897 872 931 899 ut
958 869 1085 908 quidam
1113 869 1220 900 dicunt
1247 869 1345 900 Iliam
1368 869 1427 900 sibi

148 923 250 954 smmis
271 923 343 962 fecit
364 933 498 955 uxorem.
540 923 597 954 illa
622 934 747 965 quoque
772 933 852 963 quae
877 933 906 963 p.
929 923 1000 962 124,
1021 922 1060 953 21
1083 922 1166 954 BM
1185 923 1330 954 codicum
1354 934 1424 963 pro-

146 976 217 1017 pria
242 978 317 1007 sunt
339 988 355 1008 e
380 977 612 1018 niythographi
636 976 651 1007 I
674 976 785 1007 fabula
810 976 874 1007 215
900 975 1046 1007 derivata
1070 986 1139 1007 esse
1165 976 1309 1017 dixerim,
1333 987 1425 1017 prae-

147 1030 258 1061 sertim
290 1041 361 1061 cum
392 1030 419 1062 is
451 1032 507 1062 aut
537 1030 638 1062 Servii
670 1029 792 1061 scholio
825 1030 904 1061 satis
934 1029 1034 1060 libere
1063 1040 1140 1061 usus
1172 1030 1215 1061 sit
1245 1031 1301 1061 aut
1326 1030 1425 1061 alium

147 1084 267 1115 librum
292 1084 507 1125 exscripserit.
549 1084 684 1125 denique
704 1083 789 1114 inter
805 1082 1009 1114 Monacensis
1035 1085 1067 1114 et
1091 1083 1245 1120 similium
1270 1083 1425 1115 librorum

147 1138 323 1178 scripturas
348 1148 427 1179 quas
444 1149 540 1179 supra
560 1138 698 1179 exempli
718 1149 815 1169 causa
830 1137 1079 1168 commemoravi
1095 1137 1251 1178 quaedam
1275 1138 1321 1168 ita
1340 1148 1425 1168 com-

148 1192 281 1232 paratae
307 1192 381 1221 sunt
405 1192 441 1222 ut
464 1202 529 1223 non
555 1191 693 1222 debeant
721 1202 780 1232 pro
806 1189 969 1222 Servianis
999 1190 1120 1222 haberi.
1162 1202 1236 1222 nam
1267 1191 1320 1232 qui
1344 1190 1359 1221 I
1385 1191 1425 1222 745

148 1243 194 1286 (p.
217 1245 270 1285 42,
296 1244 352 1285 19)
375 1245 554 1276 meritorum
584 1245 693 1286 posuit
718 1245 801 1286 apud
827 1244 974 1276 Servium
1005 1246 1122 1276 meritis
1151 1245 1226 1285 quid
1257 1245 1318 1275 sibi
1347 1244 1426 1276 velit

146 1309 212 1329 non
236 1297 361 1329 videtur
385 1297 592 1330 intellexisse.
634 1309 739 1340 neque
764 1298 933 1340 quisquam
957 1309 987 1339 p.
1003 1298 1054 1339 90,
1073 1300 1112 1329 15
1133 1299 1324 1330 troz'mwrzmz
1343 1299 1425 1338 perl—

148 1351 250 1383 mclum
273 1351 436 1383 inferioris
452 1352 568 1383 aetatis
584 1352 722 1392 homini,
747 1353 903 1383 troianum
918 1352 1028 1383 bellum
1045 1351 1156 1383 Servio
1172 1352 1302 1383 tribuet.
1327 1352 1425 1383 verba

147 1405 247 1446 igitur
264 1403 367 1436 Servii
390 1405 423 1436 in
448 1405 516 1436 eius
541 1406 668 1447 generis
693 1405 785 1437 libris
811 1406 900 1437 cuius
915 1405 1120 1437 Monacensis
1145 1407 1194 1436 est
1213 1405 1317 1447 magis
1339 1405 1424 1436 adul-

148 1459 253 1489 terata
277 1469 345 1489 esse
369 1458 507 1490 vidimus
540 1469 636 1500 quam
666 1458 699 1489 in
730 1459 874 1500 reliquis.
916 1470 1018 1500 neque
1049 1461 1159 1490 tamen
1189 1460 1323 1500 propter
1354 1469 1425 1490 eam

148 1523 216 1543 rem
239 1511 443 1543 Monacensis
468 1512 599 1543 omnino
625 1512 823 1553 spernendus
848 1514 910 1543 est:
936 1513 991 1553 qui
1016 1524 1087 1544 cum
1108 1512 1197 1544 locos
1226 1523 1290 1543 non
1313 1512 1422 1543 nullos

148 1565 181 1596 in
205 1565 320 1596 ceteris
347 1576 425 1606 quos
451 1575 510 1607 ego
535 1566 664 1606 quidem
689 1565 810 1596 contuli
835 1565 926 1596 libris
952 1568 1120 1606 corruptos
1145 1566 1192 1597 ita
1216 1566 1367 1597 exhibeat
1390 1567 1426 1596 ut

149 1619 188 1650 ab
213 1618 285 1659 ipso
311 1619 523 1658 grammatico
541 1618 691 1658 videntur
715 1618 853 1660 profecti
878 1629 947 1650 esse
964 1617 1016 1660 (of.
1033 1630 1062 1659 p.
1081 1620 1151 1659 157,
1167 1620 1186 1649 5
1203 1621 1235 1649 et
1249 1630 1278 1660 p.
1294 1619 1367 1660 645,
1383 1620 1426 1658 3),

150 1671 200 1702 illi
226 1671 280 1712 qui
304 1672 413 1703 nescio
437 1683 500 1714 qua
525 1673 562 1704 de
587 1684 683 1704 causa
699 1683 880 1704 sermonem
897 1672 1088 1704 Servianum
1108 1684 1145 1704 ea
1169 1673 1258 1704 cuius
1280 1673 1426 1714 exempla

150 1736 247 1765 supra
271 1725 386 1766 scripsi
409 1726 535 1758 ratione
564 1726 863 1758 transformandum
889 1727 1032 1767 suscepit
1060 1737 1123 1758 non
1148 1728 1258 1767 potest
1282 1738 1347 1758 non
1363 1727 1424 1758 'bo-

147 1789 226 1809 num
251 1779 416 1820 exemplar
438 1782 568 1820 praesto
588 1780 696 1811 fuisse.
739 1782 844 1821 atque⁴
871 1780 1022 1821 quoniam
1053 1779 1225 1811 Bernensis
1254 1782 1286 1811 et
1314 1779 1424 1811 Mona-

150 1831 252 1862 censis
277 1842 350 1863 cum
374 1831 554 1864 Danielinis
579 1833 671 1864 libris
697 1833 889 1874 cognatione
910 1833 1047 1874 quadam
1068 1833 1273 1864 continentur
1298 1835 1330 1865 et
1350 1833 1424 1864 Ber-

148 1885 257 1916 nensis
282 1896 301 1916 a
325 1885 442 1917 scotico
477 1886 634 1918 monacho
665 1888 815 1918 exaratus
845 1888 908 1927 est,
937 1886 1023 1918 baud
1048 1887 1114 1918 scio
1141 1898 1181 1918 an
1213 1898 1250 1918 ea
1280 1886 1424 1918 Serviani

149 1938 374 1969 commentarii
401 1941 437 1970 ut
465 1940 512 1970 ita
547 1939 651 1971 dicam
680 1940 824 1971 recensio
862 1951 957 1981 quam
988 1940 1071 1971 ΒΜ
1094 1940 1171 1971 libri
1200 1940 1356 1981 praebent
1385 1940 1424 1971 ad

150 1991 320 2023 Scotorum
345 1991 452 2023 studia
475 1993 656 2024 revocanda
686 1993 737 2024 sit.
780 1993 863 2024 inter
892 2004 1002 2024 eorum
1033 1995 1139 2024 autem
1169 1994 1316 2025 codicum
1345 2005 1424 2035 quos

149 2046 278 2086 praeter
309 2045 469 2086 pleniores
504 2048 536 2077 et
567 2046 793 2079 Monacensem
829 2047 962 2078 adhibui
990 2047 1181 2078 testimonia
1208 2059 1272 2079 non
1307 2058 1343 2079 ea
1377 2049 1425 2078 est

150 2098 395 2139 dissimilitudo,
428 2101 464 2130 ut
493 2100 691 2141 exemplaria
720 2112 735 2132 e
765 2101 882 2142 quibus
911 2100 959 2131 illi
993 2100 1127 2131 derivati
1158 2103 1233 2132 sunt
1260 2112 1325 2132 non
1353 2112 1424 2142 pos-

149 2152 214 2183 sint
242 2152 280 2184 ad
310 2152 445 2184 eundem
475 2153 684 2195 archetypum
713 2155 841 2196 referri,
870 2165 965 2196 quem
993 2155 1026 2185 in
1055 2154 1191 2186 Francia
1220 2154 1297 2186 olim
1326 2154 1424 2185 fuisse

149 2205 283 2237 conicio.

237 2259 264 2290 E
288 2259 422 2300 reliquis
444 2259 591 2291 Serviani
612 2260 836 2291 commentarii
860 2260 1021 2292 codicibus
1042 2261 1096 2302 qui
1121 2261 1249 2302 quidem
1274 2261 1353 2291 mihi
1376 2260 1422 2291 in-

149 2315 325 2344 notuerunt
348 2313 382 2344 hi
407 2313 556 2345 videntur
580 2310 850 2345 commemorandi
867 2324 944 2345 esse.
986 2313 1221 2346 Harleianus
1243 2314 1329 2345 2782
1355 2325 1421 2345 sae-

150 2365 213 2396 culi
237 2366 327 2408 noni,
355 2367 413 2398 181
432 2367 637 2399 membranas
662 2367 785 2399 formae
810 2367 968 2399 maximae
987 2367 1095 2399 habet.
1120 2368 1175 2399 fol.
1194 2369 1226 2399 1²
1243 2385 1281 2389 —-
1298 2367 1352 2399 fol.
1367 2368 1424 2399 28³
