1690 2611
482 93 594 120 COMM.
615 93 654 119 IN
674 93 780 120 VERG.
801 93 883 119 AEN.
905 93 924 119 1.
947 97 1093 120 101—108.
1385 95 1425 125 51

151 175 373 206 incumbere
396 175 525 216 remis,
550 175 727 216 obliquat
751 174 858 205 sinus
884 174 921 205 111
945 177 1090 206 ventos.
1171 178 1198 206 et
1220 176 1274 207 hoc
1297 177 1332 207 de
1354 177 1428 207 ναι-ι’

150 229 283 266 Aeneae,
302 238 345 259 an
366 228 401 259 de
420 228 559 260 omnibus
577 228 680 259 flixit?
774 240 834 259 TVM
855 241 971 259 Paomis
990 241 1119 260 six-meru·
1140 229 1198 260 am
1222 229 1345 269 ‘prora'
1371 230 1428 270 1(ῃί

151 283 284 313 tradunt.
384 290 536 312 AVERTIT
573 292 631 322 pro
670 280 872 312 ‘avez—titur&
928 283 960 312 et
998 283 1047 312 est
1085 281 1188 323 figura
1225 283 1427 314 creberrima.

151 337 260 376 potest
284 346 422 376 namque
446 346 503 376 pro
528 334 625 366 activi
644 334 994 375 verbi'significatione
1018 335 1182 375 passivum
1205 336 1295 377 poni,
1320 338 1354 367 ut
1378 339 1428 368 est

151 391 188 420 et
207 388 325 430 pictis
346 388 544 420 bellantur
564 388 777 419 Amazones
803 387 918 418 armis
938 398 996 428 pro
1017 387 1148 419 bellant.
1177 400 1235 420 nec
1254 400 1312 420 nos
1333 389 1429 421 debet
1447 399 1462 421 5

151 453 280 474 movere
311 442 395 483 quod
425 442 528 474 bellor
558 453 622 473 non
652 441 744 483 facit,
774 443 891 472 natura
922 441 1007 472 enim
1038 441 1099 472 hoc
1131 441 1306 482 prohibuit.
1351 455 1426 474 nam

151 507 295 537 conpone
318 495 380 527 hoc
403 496 549 536 verbum,
574 497 606 526 et
635 495 798 526 invenitur
826 495 980 534 activum,
1009 494 1087 525 facit
1117 494 1201 525 enim
1226 495 1351 527 debello
1377 496 1427 528 de-

151 550 262 581 bellor.
309 550 341 580 et
367 551 478 580 contra
501 560 559 589 pro
584 548 706 589 passivi
734 548 825 580 verbi
855 548 1094 589 significatione
1123 549 1262 580 activum
1287 550 1428 590 ponitur,

151 605 187 635 ut
211 605 260 634 est
283 603 344 634 hoc
368 601 516 633 ‘avertit'
540 613 598 643 pro
624 594 793 642 avertitur,
818 604 849 633 et
873 602 1047 633 insinuat
1069 613 1187 643 pavor
1206 614 1264 643 pro
1285 602 1428 633 insinua—

150 659 211 695 tur,
237 659 268 687 et
291 667 363 687 nox
386 655 511 686 umida
536 655 641 686 caelo
666 655 903 696 praecipitat
922 666 980 696 pro
1000 656 1241 696 praecipitatur.
1275 656 1331 686 sed
1350 656 1429 687 haec
1450 666 1480 688 10

150 710 248 741 verba
276 709 500 741 tantummodo
529 719 587 750 pro
618 720 651 740 se
680 708 817 740 invicem
846 711 1023 749 ponuntur,
1053 720 1134 750 quae
1163 711 1195 740 et
1224 709 1329 740 activa
1358 721 1427 741 esse

148 764 286 803 possunt
313 764 346 794 et
372 762 517 804 passiva,
550 764 586 793 ut
619 764 668 793 est
701 764 811 793 averto
841 764 983 803 avertor,
1010 762 1190 803 praecipito
1223 763 1428 804 praecipitor.

149 826 226 857 ergo
250 827 315 848 11011
338 827 509 857 possumus
540 816 645 847 dicere
675 815 760 856 quod
789 816 918 856 quidam
948 816 1170 857 artigraphus,
1198 816 1427 848 declinationes

150 869 247 900 activi
271 869 362 901 verbi
388 871 419 901 et
442 869 564 910 passivi
588 880 646 910 pro
672 880 705 900 se
731 869 868 900 invicem
887 869 972 910 poni.
1003 881 1079 901 nam
1104 872 1135 901 et
1158 870 1313 901 neutralis
1339 871 1428 901 verbi

149 922 321 955 declinatio
347 923 452 954 activa
477 925 526 954 est
551 925 582 954 et
603 923 779 954 communis
801 922 1031 963 deponentisve
1051 923 1194 964 passiva,
1218 925 1250 955 et
1270 923 1356 954 aliud
1379 925 1428 955 est
1450 933 1480 955 15

150 986 219 1006 esse
243 976 383 1008 activum
408 976 554 1016 verbum,
578 976 666 1007 aliud
689 975 809 1007 habere
834 976 931 1007 activi
956 977 1047 1007 verbi
1071 976 1329 1008 declinationem.

241 1029 312 1060 105.
345 1039 415 1061 DAT
440 1038 551 1061 LATVS
581 1029 763 1061 inclinatur.
855 1037 998 1061 CVMVLO
1029 1030 1207 1062 altitudine.
1299 1032 1426 1070 omno]

148 1082 326 1114 exuberante
349 1083 459 1123 fluctu,
483 1093 550 1114 cum
574 1083 702 1114 cumulo.
793 1091 1019 1115 PRAERVPTVS
1049 1083 1083 1114 in
1115 1084 1215 1115 altum
1240 1085 1374 1115 levatus.

241 1136 311 1167 106.
345 1149 381 1168 m
404 1147 464 1176 pro
497 1136 546 1167 filli·
578 1136 623 1167 vel
651 1136 721 1177 alii,
750 1139 777 1167 et
804 1136 874 1167 bene
902 1137 1042 1168 dictionis.
1134 1151 1184 1169 ms
1206 1148 1265 1177 pro
1294 1138 1356 1169 illis
1384 1138 1429 1169 rel

148 1189 229 1220 aliis.
320 1197 516 1220 DEHISCENS
545 1189 638 1220 valde
669 1189 805 1220 hiscens.
852 1188 922 1220 ede’
952 1190 1038 1221 enim
1068 1191 1216 1232 augentis
1247 1193 1307 1232 est,
1336 1192 1428 1222 utin
1449 1200 1481 1222 20

148 1242 298 1273 Terentio
324 1242 455 1273 deamo
479 1244 516 1273 te
542 1241 644 1283 Syre.

239 1296 310 1327 107.
343 1304 472 1326 APERIT
502 1296 656 1337 ostendit,
685 1298 721 1327 ut
745 1295 919 1327 Sallustius
949 1299 1064 1338 caput
1093 1298 1242 1338 aperire
1272 1298 1427 1336 solitus,

148 1349 180 1380 id
210 1351 258 1380 est
286 1349 419 1389 nudare,
451 1349 629 1381 ostendere.
675 1350 717 1381 sle
745 1350 820 1381 alibi
847 1350 927 1380 visco
954 1351 1100 1390 aperire
1121 1352 1255 1390 procul
1283 1355 1427 1383 montes.

148 1412 221 1433 sane
245 1403 334 1433 aliter
357 1403 406 1434 hic
429 1402 567 1444 “aperlt’‚
594 1404 684 1434 aliter
713 1403 840 1434 τοειιίἰωη
864 1403 986 1443 aperit’.
1078 1413 1228 1436 HARENIS
1254 1407 1285 1436 et
1309 1405 1349 1436 ab
1374 1405 1446 1436 ha-⁴

148 1455 234 1486 renis
260 1458 291 1487 et
315 1467 387 1487 cum
410 1456 554 1497 harenis,
578 1456 610 1487 id
634 1458 683 1487 est
707 1457 757 1487 vel
788 1457 828 1488 ab
858 1457 923 1488 imo
952 1457 1142 1489 movebatur
1168 1469 1255 1490 mare
1279 1458 1330 1489 vel
1355 1469 1425 1490 cum
1447 1468 1479 1490 25

149 1509 227 1549 ipsis
252 1509 398 1549 harenis,
421 1512 457 1541 ut
480 1510 512 1540 111
536 1512 728 1550 tempestate
754 1510 843 1542 solet.

240 1563 310 1594 108.
343 1571 420 1594 TRIS
449 1562 600 1594 Latinum
630 1565 689 1594 est.
740 1564 906 1604 genetivus
937 1564 1021 1595 enim
1050 1564 1185 1605 pluralis
1215 1566 1364 1607 quotiens
1394 1566 1427 1597 in

220 1679 234 1702 5
255 1678 282 1702 et
301 1676 395 1712 pictis]
416 1678 448 1703 A.
470 1677 505 1703 XI
527 1680 577 1704 660
596 1678 604 1710 ΙΙ
629 1681 643 1703 9
663 1678 796 1712 insinuat]
818 1678 849 1704 A.
870 1678 894 1703 ΙΙ
915 1682 966 1704 229
990 1680 999 1712 ΙΙ
1025 1682 1056 1705 10
1076 1679 1141 1713 nox]
1162 1680 1193 1706 A.
1214 1680 1238 1705 Π
1258 1684 1273 1707 8
1297 1681 1306 1713 ΙΙ
1333 1684 1362 1706 17
1383 1691 1426 1707 cv-

149 1720 219 1737 nvLo
240 1712 401 1747 altitudine]
423 1713 456 1739 cf.
477 1713 554 1738 Luct.
575 1714 649 1740 Piae.
671 1714 705 1739 ad
727 1713 795 1739 Stat.
817 1714 902 1739 Theb.
924 1714 960 1740 IX
981 1718 1032 1740 344
1053 1716 1062 1748 Η
1086 1718 1118 1740 20
1139 1725 1281 1741 υΕΗιεοεΝε
1302 1737 1306 1741 .
1324 1738 1328 1742 .
1346 1738 1351 1743 .
1373 1717 1425 1750 est]

149 1755 233 1773 exscr.
254 1747 317 1773 Isid.
338 1756 375 1774 or.
396 1748 421 1773 X
441 1751 481 1775 76.
506 1748 539 1774 cf.
560 1749 628 1775 Don.
654 1749 689 1774 ad
710 1750 770 1775 Ter.
792 1757 852 1775 eun.
874 1750 898 1775 ΙΙ
918 1753 947 1782 3,
967 1753 1001 1775 40
1025 1751 1033 1784 Η
1056 1750 1085 1776 111
1109 1751 1250 1785 Terentio]
1276 1752 1368 1777 heaut.
1389 1752 1426 1778 IV

150 1785 173 1815 6,
193 1785 225 1807 21
249 1783 258 1816 ss
282 1786 314 1808 22
336 1783 494 1818 Sallustius]
514 1784 577 1810 hist.
598 1785 696 1818 fragm.
717 1785 741 1810 V
762 1788 794 1811 1ss
814 1785 898 1811 Kritz.
922 1786 932 1818 ΙΙ
955 1789 988 1811 23
1009 1786 1079 1820 visa]
1100 1786 1132 1812 A.
1153 1786 1191 1812 HI
1211 1790 1262 1813 ⁶206

220 1891 235 1914 3
255 1888 369 1915 tradunt
391 1890 423 1915 ut
442 1889 478 1916 sit
501 1890 603 1917 auertit
623 1890 658 1916 G*
681 1892 690 1924 ΙΙ
713 1901 805 1917 vnum*
828 1892 860 1917 K
879 1893 889 1925 ΙΙ
913 1891 1067 1918 aduertitur
1090 1893 1117 1918 B
1140 1893 1149 1926 Η
1173 1896 1188 1919 6
1212 1902 1277 1920 nam
1304 1902 1427 1928 conpone

171 1945 176 1949 .
194 1944 198 1949 .
219 1924 322 1950 avertit
339 1933 388 1958 pro
409 1925 555 1960 avertitur]
576 1927 691 1952 uerbum
712 1935 877 1960 componere
898 1929 926 1953 et
946 1927 1086 1953 inuenitur
1105 1929 1152 1954 ubi
1172 1929 1295 1955 actiuun]
1314 1930 1428 1963 ponitur

148 1960 180 1985 ut
204 1960 246 1985 est
264 1960 367 1986 auertit
390 1969 439 1993 pro
462 1962 597 1987 auertitur
618 1961 641 1987 G
661 1963 669 1995 ΙΙ
695 1965 708 1988 7
733 1963 918 1996 compositum
938 1963 964 1988 B
987 1964 996 1996 ΙΙ
1020 1963 1129 1990 debello
1154 1973 1202 1990 om.
1223 1965 1287 1990 LII
1307 1966 1316 1998 ss
1340 1965 1428 1991 dellor

148 1994 180 2020 K
199 1995 208 2028 Η
233 1998 263 2020 11
285 1996 369 2021 verba
395 2004 444 2022 om.
464 1996 496 2021 K
516 1997 525 2029 ΙΙ
550 2000 580 2022 15
606 1997 698 2023 activa
719 2019 723 2023 .
741 2020 745 2024 .
763 2019 768 2023 .
789 1998 1017 2033 declinationem]
1043 1999 1099 2025 aeti
1123 2000 1199 2026 aliud
1223 2000 1325 2026 habere
1350 2001 1428 2027 uerbi

151 2030 236 2056 actiui
251 2030 466 2057 declinationem
481 2031 512 2056 K
524 2032 533 2065 ΙΙ
549 2035 580 2058 17
596 2033 632 2058 acl
646 2041 668 2059 v.
687 2036 736 2058 105
752 2033 807 2059 Dat
822 2034 906 2068 latus]
924 2034 1081 2060 inclinatur.
1111 2035 1238 2069 Cumulo]
1260 2036 1427 2062 exuberante

148 2065 247 2098 fluctu,
270 2065 298 2091 id
323 2067 364 2092 est
391 2066 537 2093 altitudine
567 2076 629 2093 cum
653 2069 772 2095 cumulo.
815 2069 995 2104 Praei-uptus]
1020 2069 1048 2095 in
1073 2071 1160 2096 altum
1183 2071 1301 2097 leuatus.
1328 2071 1396 2097 PG*
1420 2073 1428 2105 ἢ]

115 2113 118 2119 v
150 2104 182 2126 19
209 2101 245 2127 acl
268 2110 290 2127 v.
315 2105 362 2128 106
387 2102 435 2136 Η1]
460 2111 509 2136 pro
533 2102 583 2129 1111.
622 2103 785 2137 Dehiscens]
811 2105 893 2130 ualde
922 2104 1038 2130 hiscens.
1077 2106 1111 2132 de
1137 2106 1210 2132 enim
1230 2107 1357 2141 augentis
1377 2108 1426 2133 est.

151 2136 177 2161 P
198 2137 207 2170 ΙΙ
230 2140 264 2162 20
290 2146 427 2163 mmscnus
452 2137 482 2163 K
503 2138 512 2171 ΙΙ
536 2141 567 2163 22
593 2139 629 2164 ad
651 2147 674 2164 ν.
700 2142 749 2165 107
774 2139 882 2173 Aperit]
908 2140 1031 2166 ostendit
1129 2142 1280 2169 ostendere.
1303 2143 1330 2168 P
1351 2143 1360 2175 ΙΙ
1384 2151 1427 2168 ca-

148 2172 205 2205 pud.
230 2172 328 2198 KLH
348 2173 357 2206 ΙΙ
381 2173 487 2199 solutus
512 2173 544 2198 K
563 2174 572 2207 ΙΙ
596 2177 628 2200 27
654 2175 690 2200 cul
715 2182 738 2200 v.
767 2177 815 2200 108
842 2175 904 2200 Tris
932 2175 1050 2201 latinum
1075 2178 1117 2203 est
1144 2197 1171 2203 ..
1188 2198 1193 2203 .
1223 2178 1252 2203 in
1279 2178 1303 2203 is
1332 2177 1426 2210 mittit,

148 2207 275 2240 quotiens
294 2208 323 2234 in
342 2217 389 2234 um
409 2208 478 2241 exit,
504 2208 532 2234 in
553 2217 581 2235 es
601 2209 695 2235 mittit.
735 2210 808 2236 Saxa
830 2210 959 2245 latentia]
980 2213 1093 2245 propter
1115 2214 1319 2247 tempestatem.
1358 2213 1426 2238 haec

149 2243 243 2269 autem
263 2252 328 2269 saxa
346 2243 419 2269 inter
437 2243 560 2270 Africam
581 2244 706 2270 Siciliam
730 2247 758 2271 et
777 2245 932 2272 Sardiniam
959 2248 986 2272 et
1009 2247 1128 2274 Italiam.
1166 2249 1229 2275 ideo
1249 2250 1343 2274 autem
1362 2247 1427 2273 Itali

173 2299 200 2339 ,ᾗ
224 2278 351 2305 inierunt.
395 2280 443 2306 alii
467 2279 622 2314 Neptimias
647 2281 771 2314 uocant‚⁴
791 2282 822 2306 ut
846 2281 977 2308 Claudius
1007 2282 1084 2309 dixit.
1127 2284 1261 2318 Torquet]
1291 2283 1359 2310 iacit
1386 2283 1426 2309 in-

148 2313 186 2338 mi
201 2314 235 2340 tit
255 2335 260 2339 .
277 2335 281 2340 .
299 2335 303 2340 .
324 2323 426 2341 currus.
450 2315 477 2340 P

1178 2364 1213 2390 4*
