1690 2611
214 148 237 173 X
745 143 963 170 PRAEFATIO.

217 229 296 270 126,
332 229 410 269 136,
444 228 522 268 188,
556 227 634 268 229,
666 226 746 268 255,
781 226 853 258 606.
899 226 948 257 ΙΙΙ
981 226 1059 267 120,
1093 225 1173 266 200,
1206 224 1287 267 351,
1315 225 1395 267 443,
1424 226 1497 257 637.

215 283 296 315 VIII
321 283 371 314 95.

293 336 354 374 *Ea
378 347 459 378 quae
483 336 518 367 in
541 335 742 377 plenioribus
768 334 862 366 libris
887 334 955 366 sine
975 333 1102 365 ratione
1122 335 1178 365 aut
1197 333 1335 364 inmixta
1354 332 1497 374 vulgatis

215 391 347 422 scholiis
373 392 430 422 aut
459 401 531 421 cum
562 389 607 421 eis
632 400 753 421 conexa
783 399 852 420 esse
882 388 1088 428 videbantur,
1116 388 1167 419 vel
1200 387 1318 418 iterato
1343 385 1497 419 Serviano

215 445 368 476 lemmate
401 443 454 475 vel
484 443 609 484 aptiore
637 442 779 484 praefixo
809 453 954 474 seorsum
987 441 1175 473 collocanda
1202 439 1325 482 putavi.
1372 451 1434 481 qua
1464 451 1498 471 re

215 498 277 530 etsi
306 509 371 530 11011
400 499 468 529 tam
497 497 704 528 librariorum
735 507 833 537 quam
862 496 930 527 01113
960 507 1082 527 0110103
1108 495 1229 527 sublati
1253 496 1328 526 sunt
1352 493 1407 535 qui
1430 494 1497 535 ple-

215 553 340 583 niorem
369 551 637 583 commentarium
667 550 864 592 composuit,
893 552 1003 581 tamen
1026 560 1092 581 non
1111 560 1223 581 vereor
1245 560 1285 580 ne
1310 548 1396 579 ultra
1418 548 1499 580 fines

215 606 348 638 editoris
377 605 501 636 muneri
531 605 726 637 constitutos
756 614 946 645 progressus
977 614 1046 634 esse
1071 603 1193 635 videar:
1225 614 1304 644 quos
1328 613 1394 634 non
1418 604 1497 643 puto

215 662 282 691 tam
307 661 464 701 angustos
489 670 573 698 esse,
597 660 633 689 ut
657 658 690 688 111
716 668 811 698 opere
837 668 853 688 e
878 657 1054 689 multorum
1075 657 1283 698 commentis,
1307 667 1387 698 quae
1408 667 1499 687 suam

216 713 364 755 quodque
388 713 582 755 dignitatem
606 712 742 753 habent,
767 712 877 742 infima
902 713 1009 743 aetate
1032 712 1213 752 composito
1233 721 1298 741 non
1318 710 1416 741 liceat
1435 709 1499 741 sin-

218 768 311 809 gulas
336 769 445 808 partes
471 777 542 798 cum
567 766 652 797 inter
677 777 710 796 se
735 776 876 797 conexae
901 764 1054 796 damnum
1079 765 1227 806 fecerint,
1252 764 1343 805 quasi
1365 763 1401 794 in
1419 763 1499 794 inte—

217 832 311 863 grum
337 821 515 852 restituere.
554 819 676 851 accedit
701 818 785 860 quod
810 818 843 849 in
868 818 1048 850 Turonensi
1073 818 1181 850 codice
1205 829 1243 849 ea
1268 827 1348 858 quae
1372 816 1407 847 in
1429 815 1500 847 Flo-

217 875 356 906 riacensi
396 874 537 915 vulgatis
577 873 729 904 adiuncta
767 874 842 903 sunt
874 872 1063 913 plerumque
1097 883 1242 903 seorsum
1276 870 1396 911 scripta
1430 881 1499 901 esse

219 929 376 960 videmus:
402 928 439 958 de
461 939 524 969 qua
544 939 577 958 re
598 927 682 958 infra
702 926 883 958 accuratius
904 926 1036 957 dicetur.
1066 926 1203 967 denique
1222 925 1357 965 vulgata
1376 923 1501 955 scholia

219 985 254 1014 ut
284 981 464 1013 Danielinis
499 982 729 1022 adaptarentur
762 980 848 1012 haud
880 980 991 1020 paucis
1024 980 1103 1011 10013
1138 978 1311 1010 admodum
1344 977 1502 1009 violenter

219 1038 346 1068 mutata
370 1037 454 1067 sunt.
484 1035 521 1067 cf.
538 1034 646 1066 Aen.I
667 1034 813 1075 I45sqq,
838 1034 901 1064 248
927 1032 970 1074 (p.
996 1032 1048 1073 93,
1073 1031 1117 1074 2),
1142 1032 1217 1071 250,
1238 1031 1300 1062 261
1324 1029 1367 1071 (p.
1384 1030 1435 1071 97,
1453 1030 1502 1062 12.

220 1090 256 1121 cf.
282 1090 389 1121 adnot.
414 1088 508 1131 crit),
532 1088 606 1129 330,
630 1088 695 1119 363
721 1086 773 1129 (cf.
799 1087 906 1118 adnot.
927 1085 1021 1128 crit),
1045 1086 1119 1126 420,
1138 1085 1212 1116 437.
1246 1085 1279 1115 111
1298 1084 1394 1115 11111113
1415 1083 1503 1116 modi

220 1154 347 1185 quoque
371 1142 504 1174 scholiis
526 1141 762 1173 constituendis
783 1140 881 1172 malui
901 1139 1055 1181 plenioris
1076 1138 1297 1170 commentarii
1318 1139 1503 1169 contextum

221 1198 345 1229 solvere
380 1208 477 1238 quam
512 1197 625 1228 contra
660 1195 739 1226 artis
772 1195 860 1235 leges
886 1193 1070 1225 breviorum
1094 1192 1251 1224 librorum
1276 1191 1503 1222 auctoritatem

221 1262 380 1292 spernere.
423 1261 462 1282 ne
487 1261 525 1282 ea
549 1250 677 1291 quidem
702 1259 784 1290 quae
808 1248 848 1279 ab
874 1247 947 1279 aliis
972 1246 1203 1287 interpretibus
1228 1245 1332 1286 petita
1356 1246 1433 1276 sunt
1457 1244 1503 1276 sic

222 1316 349 1346 semper
378 1304 523 1336 exhibita
552 1315 634 1344 esse,
663 1305 700 1334 ut
730 1301 910 1334 sententiae
936 1312 1047 1333 eorum
1071 1300 1210 1331 fideliter
1235 1309 1406 1339 expressae
1430 1298 1505 1338 sint,

222 1359 417 1391 Turonensis
443 1358 541 1390 codex
566 1357 660 1389 testis
686 1359 743 1396 est,
768 1356 801 1387 in
826 1366 899 1397 quo,
923 1357 959 1386 ut
982 1354 1044 1386 hoc
1068 1353 1214 1394 exemplo
1235 1354 1316 1390 utar,
1341 1351 1381 1382 ad
1401 1351 1505 1383 ‘semi-

222 1414 292 1445 viro
318 1411 484 1444 comitatu'
511 1411 605 1454 (Aen.
631 1410 677 1441 IV
702 1408 780 1451 215)
805 1409 885 1440 haec
914 1410 988 1449 apte
1013 1407 1175 1447 adscripta
1199 1407 1275 1437 sunt
1297 1406 1331 1437 id
1353 1407 1397 1436 est
1419 1405 1506 1436 molli

222 1470 249 1499 cb
272 1467 461 1506 effeminato:
491 1476 572 1507 quae
602 1465 632 1495 in
659 1462 856 1495 Floriacensi
884 1473 956 1493 cum
982 1460 1111 1492 Servius
1141 1460 1278 1491 similem
1307 1470 1435 1490 versum
1465 1469 1503 1489 ex

224 1533 309 1553 nono
334 1521 418 1552 libro
444 1519 620 1559 laudasset,
645 1518 699 1559 qui
725 1518 774 1548 est
798 1527 814 1547 ο
837 1526 904 1548 vere
926 1514 1103 1555 Phryyz'ae!
1139 1523 1233 1554 neque
1256 1513 1338 1544 enim
1361 1511 1506 1553 Phryges,

224 1575 263 1607 ad
287 1575 372 1606 hunc
398 1572 644 1605 adcommodata
669 1573 757 1612 sunt,
781 1572 817 1602 ut
842 1569 1057 1610 adponeretur
1080 1568 1114 1599 fid
1136 1570 1180 1600 est
1202 1567 1379 1606 effeminati.
1423 1567 1506 1597 cete-

225 1641 296 1660 rum
321 1629 353 1659 in
377 1627 466 1659 tertii
491 1627 597 1668 quarti
622 1625 725 1668 quinti
745 1624 820 1656 libri
840 1622 1082 1655 commentariis
1102 1621 1230 1663 parcius
1251 1620 1383 1651 adhibui
1402 1621 1506 1650 trans-

224 1682 363 1723 ponendi
397 1681 585 1721 artificium,
617 1690 682 1711 11011
713 1689 776 1720 quo
810 1677 839 1708 ei
873 1676 1017 1708 diffidere
1051 1675 1242 1716 coepissem,
1281 1673 1336 1705 sed
1369 1672 1453 1714 quod
1489 1684 1507 1704 a

224 1736 321 1767 tertio
342 1736 424 1766 libro
445 1734 559 1775 incipit
579 1733 776 1765 Turonensis
797 1731 915 1763 codicis
935 1741 1026 1770 113113,
1050 1740 1088 1760 ex
1113 1740 1176 1770 quo
1201 1738 1281 1768 quae
1305 1726 1404 1758 fuerit
1428 1726 1505 1757 olim

225 1789 450 1821 additiciorum
477 1788 673 1820 scholiorum
698 1786 803 1818 forma
827 1785 922 1816 facile
947 1783 1098 1824 cognosci
1122 1783 1239 1823 potest.

315 1843 432 1874 Restat
455 1844 491 1873 ut
515 1841 552 1872 de
577 1841 681 1872 tribus
706 1840 887 1881 pleniorum
912 1838 1070 1869 librorum
1096 1835 1315 1867 additionibus
1340 1834 1436 1875 paulo
1457 1844 1505 1864 ac-

227 1898 370 1930 curatius
402 1896 523 1936 dicam,
553 1905 634 1936 quae
665 1904 741 1924 num
770 1894 855 1923 recte
881 1903 899 1922 a
923 1902 973 1922 me
999 1901 1142 1922 seorsum
1167 1888 1292 1930 positae
1317 1889 1426 1918 essent
1450 1898 1507 1918 suo

228 1951 296 1982 iure
321 1949 481 1982 dubitavit
505 1948 689 1980 Fridericus
710 1945 906 1985 Sehoellius,
932 1944 986 1986 qui
1012 1943 1084 1975 aliis
1109 1953 1235 1984 quoque
1255 1941 1335 1973 locis
1355 1940 1449 1972 iustis
1470 1940 1507 1971 de

229 2005 335 2036 causis
361 2016 379 2035 a
403 2001 636 2044 transponendi
663 2000 769 2032 studio
796 2010 846 2030 me
871 1997 1041 2029 revocavit.

318 2059 396 2089 Aen.
420 2057 435 2088 I
461 2057 502 2088 63
528 2054 572 2097 (p.
596 2056 651 2095 37,
679 2055 718 2085 12
735 2052 816 2095 sqq.)
841 2052 940 2094 igitur
965 2051 1063 2082 verba
1087 2061 1168 2091 quae
1193 2051 1269 2080 sunt
1292 2048 1431 2088 alioquin
1454 2047 1508 2079 Iu-

228 2112 303 2143 owni
333 2111 453 2151 obsequi
480 2120 543 2141 non
566 2111 667 2149 posset
696 2108 735 2139 ab
770 2107 836 2138 illis
866 2105 982 2147 quibus
1011 2104 1044 2135 in
1069 2103 1255 2135 Cassellano
1285 2102 1410 2134 adiecta
1433 2103 1509 2132 sunt

231 2168 302 2197 tnnc
329 2164 383 2195 hoc
411 2165 535 2203 jaceret,
569 2173 649 2204 quae
680 2162 749 2202 ipsa
778 2160 930 2200 corrupta
958 2169 1027 2189 esse
1057 2157 1177 2198 iudico,
1210 2155 1385 2197 segregavi.
1437 2154 1508 2185 ideo

233 2221 340 2251 autem
366 2229 403 2249 ea
428 2217 467 2248 ad
492 2228 519 2247 v.
540 2216 581 2246 63
607 2215 769 2255 adscripta
794 2224 863 2244 esse
888 2212 1015 2253 opinor,
1039 2214 1075 2243 ut
1095 2210 1336 2251 intellegeretur
1356 2219 1418 2249 quo
1439 2218 1511 2238 con-

232 2273 306 2304 silio
332 2271 498 2312 Vergilius
523 2270 644 2301 iussum
668 2268 807 2298 Aeolum
835 2268 944 2298 ventos
970 2265 1065 2296 modo
1091 2265 1237 2296 emittere
1256 2261 1351 2293 modo
1371 2261 1510 2292 retinere

232 2326 380 2358 dixisset:
412 2324 562 2356 videlicet
587 2325 622 2354 nt
646 2322 769 2353 iubenti
795 2321 848 2352 ille
873 2320 988 2351 lunoni
1013 2318 1185 2350 obsecutus
1209 2316 1435 2356 tempestatem
1461 2325 1511 2345 ex-

231 2379 330 2411 citare
355 2379 475 2420 posset.
508 2388 617 2408 eorum
640 2387 724 2417 ‘quae
749 2376 926 2416 sequuntur
948 2373 1027 2404 mihi
1048 2371 1177 2413 quidem
1197 2369 1276 2401 haec
1295 2368 1421 2400 videtur
1442 2378 1510 2399 esse
