1690 2611
689 125 904 153 PRAEFATIO.
946 150 950 152 .
1332 127 1433 153 XLVII

156 209 326 242 Danielina
351 209 475 242 scholia
504 219 586 250 quae
614 219 633 239 a
657 207 889 239 Servianorum
918 209 1099 240 rationibus
1124 221 1188 241 uon
1213 209 1435 251 abhorrerent,

157 275 195 295 ea
222 263 402 296 similitudo
433 265 561 295 tantum
590 262 698 294 valere
727 261 836 302 debet,
866 263 902 292 ut
934 262 1002 293 sine
1034 263 1179 294 codicum
1210 265 1266 294 aut
1296 263 1434 295 aliorum

157 317 351 358 scriptorum
376 317 574 349 testimoniis
590 315 702 347 Servio
724 315 911 346 tribuantur
920 314 943 355 ¹)
969 326 1050 355 quae
1071 316 1181 347 eadem
1201 317 1435 357 probabilitate

157 371 197 402 ad
221 373 508 403 commentatorem
529 370 669 411 aliquem
695 368 806 399 Servio
832 368 999 409 aequalem
1018 369 1084 400 fere
1105 372 1137 400 et
1157 370 1255 401 simili
1279 370 1435 411 interpre-

157 425 247 456 tandi
271 425 397 456 ratione
421 435 515 456 usum
539 423 732 455 referuntur.

245 478 355 510 Etiam
380 478 418 510 de
441 477 586 509 fontibus
612 478 644 507 et
663 478 811 516 tempore
831 475 983 515 plenioris
1000 477 1222 508 commentarii
1248 477 1340 508 libris
1362 477 1435 517 illis,

158 532 196 563 de
221 533 337 574 quibus
366 543 463 573 supra
486 531 566 572 dixi,
596 532 692 570 atque
716 528 833 559 Isidori
864 529 1043 569 originibus
1073 531 1212 561 maxime
1241 530 1435 570 comparatis

158 586 314 627 quaedam
338 585 488 628 cognosci
511 584 701 626 potuerunt,
726 584 763 613 ut
787 582 852 613 iam
876 584 1005 624 teinpus
1031 595 1100 614 esse
1120 583 1267 615 videatur
1291 595 1373 624 quae
1397 583 1435 613 de

158 640 203 671 eis
228 640 324 678 rebus
349 637 381 671 et
405 639 443 671 de
467 639 554 679 loco,
583 638 616 668 in
641 647 704 678 quo
729 635 903 669 Danielina
928 636 1053 668 scholia
1078 648 1149 668 011111
1175 636 1337 668 Servianis
1362 648 1438 668 eon-

157 693 267 724 iuneta
291 693 368 734 sint,
392 693 553 724 invenisse
578 702 628 722 me
653 701 746 731 spero
777 690 914 721 collecta
943 701 1130 732 proponere.
1169 690 1222 722 sed
1252 692 1326 721 ante
1358 701 1437 731 opus

157 843 212 861 non
231 835 264 861 de
285 834 395 868 Servio,
420 835 468 861 sed
488 835 522 861 de
543 833 726 867 compilatore
751 831 796 858 vel
817 833 976 866 excerptore
1000 831 1096 865 aliquo
1121 832 1299 865 (reidaffeur)⁷
1324 840 1379 858 non
1405 832 1438 857 de

157 874 360 901 commentario
389 876 438 902 sed
467 876 501 901 de
531 872 696 901 collectione
725 871 896 898 scholiorum
923 873 1046 905 (recueil)
1075 873 1205 906 loquitur.
1312 874 1336 904 1)
1367 880 1438 905 quae

158 915 193 941 ad
213 917 281 941 Aen.
301 915 327 940 11
347 918 398 941 445
432 915 466 942 de
494 915 592 941 domus
618 911 740 940 nominis
769 911 955 938 declinatione
984 911 1012 937 in
1036 921 1090 938 uno
1112 912 1271 938 Casseuano
1297 911 1439 945 adscripta

158 956 223 981 sunt
254 956 369 989 propter
403 955 530 982 Cledonii
569 956 597 980 et
630 951 756 986 Pompeii
791 951 953 978 testimonia
985 953 1013 978 et
1049 952 1241 978 commentarii
1275 951 1303 977 in
1336 951 1439 978 Donati

157 996 246 1021 artem
274 994 487 1021 similitudinem
507 995 543 1020 ad
563 994 690 1020 Servium
710 991 849 1018 revocavi.
873 991 941 1017 Aen.
962 992 987 1017 V
1007 995 1057 1018 801
1083 994 1111 1019 et
1131 996 1180 1018 851
1208 1001 1240 1018 ea
1265 1000 1336 1026 quae
1362 999 1438 1025 prae>

157 1036 201 1060 ter
218 1035 387 1061 Bernensem
413 1039 462 1062 167
491 1037 520 1061 et
543 1033 734 1061 Cassellanum
758 1031 933 1057 Monacensis
964 1031 1050 1058 habet
1078 1031 1174 1058 Servio
1203 1031 1325 1058 tribuere
1351 1031 1438 1065 potui.

158 1075 324 1102 Thomasius
343 1075 389 1109 qui
413 1085 439 1110 p.
462 1079 491 1102 11
513 1085 571 1110 sqq.
597 1074 756 1101 italicorum
781 1071 887 1098 saeculi
912 1071 969 1098 XV.
996 1071 1128 1097 librorum
1154 1071 1351 1098 additamenta
1375 1071 1437 1097 dili-

158 1115 317 1148 gentissime
338 1115 454 1150 collegit
474 1124 507 1142 ex
522 1115 565 1142 his
581 1123 672 1149 pauca
687 1113 826 1147 quaedam
845 1111 873 1137 in
888 1111 1043 1138 Danielinis
1059 1111 1202 1138 codicibus
1218 1111 1338 1138 inveniri
1353 1111 1436 1142 vidit3

158 1155 231 1181 unde
251 1156 287 1181 ad
307 1155 433 1182 Servium
453 1164 486 1182 ea
504 1155 650 1182 referenda
675 1162 735 1180 esse
757 1151 875 1178 coniecit
894 1151 939 1184 (cf.
959 1161 986 1185 p.
1007 1153 1059 1185 33).
1095 1152 1142 1178 sed
1162 1153 1229 1178 Aen.
1251 1152 1261 1177 Ι
1281 1155 1332 1178 417
1354 1152 1438 1177 verba

159 1203 230 1229 quae
256 1197 321 1222 sunt
344 1197 416 1229 quod
439 1199 529 1223 autem
549 1218 554 1222 .
576 1216 581 1220 .
603 1216 608 1221 .
629 1195 741 1221 vestitur
765 1193 795 1218 in
823 1191 952 1218 omnibus
977 1191 1098 1225 vulgatis
1123 1191 1201 1218 libris
1230 1192 1369 1226 leguntur.
1403 1192 1437 1217 ad

158 1236 226 1261 Aen.
247 1236 258 1261 I
279 1239 326 1262 731
347 1236 447 1263 Graeci
467 1257 472 1262 .
494 1259 499 1263 .
521 1258 526 1263 .
547 1235 688 1269 appellant
708 1232 794 1259 verba
813 1241 874 1257 cum
899 1240 953 1257 non
973 1231 1152 1258 inveniantur
1170 1232 1198 1258 in
1223 1232 1348 1258 Parisino
1370 1235 1438 1257 1750

158 1283 175 1301 a.
193 1274 310 1301 Daniele
330 1277 423 1302 autem
443 1275 472 1301 in
494 1276 555 1309 ipso
576 1274 707 1301 contextu
727 1272 803 1298 edita
823 1271 893 1303 sint,
914 1279 928 1296 e
948 1271 1115 1298 Fabriciano
1136 1271 1289 1306 exemplari
1306 1271 1436 1298 videntur

158 1315 248 1348 petita
267 1323 333 1342 esse.
367 1316 403 1341 ad
422 1315 489 1343 Aen.
510 1317 535 1342 II
555 1319 569 1341 7
592 1315 669 1341 Iovis
688 1316 712 1339 et
731 1313 854 1345 Aeyinae
872 1312 948 1343 silius
968 1319 1039 1344 quae
1059 1311 1149 1337 italici
1169 1311 1233 1337 libri
1253 1320 1315 1338 eum
1335 1310 1437 1337 Danie-

158 1354 223 1381 linis
243 1355 400 1381 communia
419 1356 525 1382 habent
544 1354 626 1381 facile
646 1354 798 1387 potuerunt
818 1350 951 1377 Serviano
972 1351 1078 1377 scholio
1094 1351 1215 1377 adscribi
1235 1352 1280 1385 (ef.
1298 1351 1437 1385 mythogr.

158 1394 183 1419 II
203 1396 279 1427 2043,
300 1403 361 1421 cum
381 1396 544 1429 praesertim
571 1393 693 1420 dubitari
717 1391 805 1426 possit
828 1399 863 1416 an
885 1390 969 1416 ‘lovis
993 1390 1092 1417 filium’
1119 1392 1241 1417 Aeaeum
1265 1390 1350 1417 fuisse
1377 1391 1437 1416 Ser-

158 1433 219 1460 vius
239 1434 298 1468 ipse
319 1434 421 1461 dixerit
441 1436 484 1468 (cf.
505 1435 599 1461 adnot,
621 1433 699 1465 crin).
734 1432 801 1457 Aen.
822 1430 847 1456 Il
868 1433 917 1457 632
938 1431 1010 1464 quod
1027 1428 1188 1464 Ἀφρόὸιτον
1204 1434 1316 1458 roeatwr
1331 1439 1363 1456 ex
1380 1430 1438 1456 Ma-

159 1473 247 1500 crobii
267 1475 459 1502 Saturnalibus
479 1476 517 1501 Ill
537 1479 566 1507 8,
587 1478 600 1500 1
621 1473 764 1506 adscripta
783 1472 855 1497 sunt.
890 1471 926 1496 ad
945 1471 1011 1496 Aen.
1033 1471 1057 1496 II
1079 1474 1128 1497 749
1149 1474 1178 1498 et
1197 1475 1247 1498 761
1267 1480 1320 1497 non
1343 1479 1376 1497 ea
1395 1472 1436 1496 est

158 1514 231 1540 inter
250 1513 346 1541 italica
366 1517 394 1541 et
414 1515 574 1542 Cassellana
593 1512 785 1541 additamenta
800 1510 967 1543 similitudo,
990 1512 1021 1536 ut
1048 1512 1112 1544 apte
1132 1511 1204 1537 inter
1224 1520 1252 1537 se
1273 1519 1434 1544 comparen-

158 1556 209 1580 tur.
246 1554 280 1580 ad
301 1555 368 1580 Aen.
390 1556 401 1581 I
421 1559 470 1582 (351
497 1553 652 1589 Hymenaei
677 1552 801 1578 fabulam
825 1549 943 1576 Parisini
964 1552 1032 1575 7965
1057 1551 1102 1584 (cf.
1123 1550 1255 1577 Thomas
1268 1560 1294 1584 p.
1315 1552 1360 1583 27)
1380 1558 1438 1576 cor-

162 1593 255 1620 rector
273 1593 302 1619 in
320 1595 446 1629 margine
466 1594 627 1628 adscripsit;
644 1593 690 1626 qui
711 1600 774 1617 cum
794 1588 992 1623 mythographi
1012 1589 1083 1616 libro
1103 1590 1125 1623 (I
1142 1594 1174 1617 75
1189 1591 1233 1617 vel
1253 1591 1277 1616 II
1298 1592 1359 1623 219)
1375 1600 1439 1616 usus

160 1641 219 1659 esse
244 1633 345 1667 possit,
370 1643 426 1661 non
451 1635 494 1662 est
512 1634 587 1668 quod
606 1631 813 1659 Floriaeensem
833 1630 880 1662 (ad
905 1630 973 1656 Aen.
994 1630 1030 1655 IV
1052 1632 1095 1663 95)
1120 1631 1146 1657 ei
1165 1631 1200 1657 ad
1220 1639 1334 1656 manum
1353 1630 1438 1656 fuisse

159 1673 293 1700 dicamus.
327 1676 424 1701 contra
443 1674 491 1709 qui
510 1673 608 1701 italica
627 1673 662 1699 ad
681 1672 749 1697 Aen.
770 1670 794 1695 II
815 1673 865 1696 528
886 1671 915 1695 et
934 1672 984 1695 553
1005 1670 1112 1696 scholia
1132 1670 1244 1705 scripsit
1268 1670 1294 1697 ei
1318 1672 1350 1696 ut
1376 1669 1440 1695 Ser-

160 1713 243 1740 viana
261 1713 302 1740 ita
321 1713 484 1741 Cassellana
503 1715 536 1741 de
556 1714 600 1740 his
620 1712 690 1740 locis
711 1713 739 1738 et
758 1720 781 1737 V.
799 1712 849 1735 558
865 1711 1024 1735 commenta
1039 1710 1152 1744 cognita
1168 1712 1254 1737 erant.
1289 1710 1322 1737 ef.
1343 1711 1437 1736 adnot.

160 1753 219 1780 crit.
240 1754 275 1780 ad
295 1755 362 1780 Aen.
383 1755 421 1781 IV
442 1758 501 1782 572.
534 1754 645 1788 reliqua
665 1760 735 1786 quae
751 1748 917 1776 Thomasius
937 1748 966 1774 in
991 1748 1094 1776 italicis
1114 1752 1143 1777 et
1161 1750 1317 1777 Danielinis
1338 1750 1440 1777 codici—

159 1794 211 1820 bus
231 1793 334 1820 similia
353 1803 412 1821 esse
432 1794 541 1821 invenit
560 1795 595 1821 ad
620 1794 687 1819 Aen.
708 1792 733 1817 Π
759 1793 808 1816 501
830 1792 878 1815 aut
897 1796 982 1815 novas
1002 1810 1007 1815 .
1024 1811 1029 1815 .
1046 1811 1051 1816 .
1072 1791 1227 1823 adfinitatis
1247 1792 1275 1817 et
1293 1793 1331 1817 est
1351 1794 1440 1817 autem

184 1855 189 1859 .
206 1854 212 1859 .
231 1835 367 1867 repetitio,
389 1838 440 1861 624
459 1836 499 1862 vel
520 1835 588 1861 ‘tum
607 1833 679 1860 vero’
702 1853 707 1858 .
724 1853 729 1858 .
747 1851 753 1856 .
773 1830 932 1861 saevientes,
952 1832 1001 1855 <341
1019 1838 1116 1863 corpus
1133 1834 1270 1863 nostrum,
1292 1833 1342 1857 645
1363 1834 1387 1857 et
1399 1851 1403 1856 .
1416 1851 1421 1856 .
1434 1851 1440 1857 .

160 1874 248 1905 venti,
279 1877 329 1900 649
357 1883 422 1901 seme
456 1876 549 1909 afflati
569 1896 573 1900 .
592 1896 596 1900 .
614 1895 619 1900 .
639 1873 786 1902 Romulus,
812 1872 861 1896 728
888 1874 967 1893 NVNC
1060 1873 1186 1903 metuere,
1214 1874 1263 1897 733
1291 1879 1348 1897 non
1371 1871 1443 1896 nulli

186 1933 192 1938 .
209 1933 214 1938 .
233 1913 292 1945 sed,
312 1916 362 1939 768
391 1919 486 1938 Arsrs
520 1915 586 1948 quia
611 1914 683 1939 inter
710 1912 808 1942 hostes,
834 1909 872 1935 VI
897 1912 927 1935 17
955 1918 1029 1936 mmo
1055 1919 1073 1936 α
1098 1912 1207 1937 civitate
1315 1910 1443 1937 Euboeae

162 1953 231 1978 haec
251 1951 338 1986 igitur
357 1952 429 1979 nihil
447 1954 551 1980 habent
571 1953 646 1987 quod
661 1961 678 1979 a
693 1951 781 1978 Servii
797 1948 999 1976 consuetudine
1016 1949 1139 1976 alienum
1154 1950 1197 1977 sit.
1232 1959 1331 1977 moneo
1347 1952 1442 1977 tamen

163 1993 256 2018 extare
279 1991 398 2025 Vergilii
416 1992 502 2019 libros
522 2001 639 2026 quorum
659 1991 688 2017 in
703 1990 842 2024 margines
861 1998 917 2015 non
931 1989 1009 2015 nulla
1029 1990 1185 2024 pleniorum
1205 1990 1339 2017 librorum
1360 1990 1439 2016 30110-

162 2032 201 2058 lia
229 2030 399 2065 transcripta
427 2031 483 2058 sint
517 2033 545 2057 et
571 2032 630 2058 eius
659 2030 735 2057 modi
763 2029 865 2056 librum
889 2029 971 2055 facile
1003 2031 1126 2063 potuisse
1156 2031 1190 2056 ad
1215 2030 1301 2057 Italos
1330 2030 1441 2056 adferri.

163 2080 252 2105 neque
272 2070 371 2097 omitto
392 2079 477 2104 quam
496 2071 597 2097 mirum
618 2070 655 2097 sit
678 2070 752 2103 quod
773 2069 970 2096 similitudines
995 2071 1060 2096 illae
1085 2071 1142 2097 fere
1171 2079 1266 2097 omnes
1293 2071 1328 2096 ad
1353 2072 1442 2097 extre-

163 2119 238 2137 mam
259 2111 372 2137 secundi
392 2111 529 2137 Aeneidos
548 2110 614 2136 libri
634 2111 743 2143 partem
762 2109 913 2142 pertinent.
947 2118 1018 2143 quae
1038 2110 1074 2136 ad
1093 2110 1160 2137 Aen.
1176 2111 1267 2136 11801
1287 2110 1316 2136 in
1337 2109 1442 2136 Cassel-

166 2152 229 2178 lano
255 2152 284 2177 et
307 2150 455 2177 Dresdensi
484 2151 619 2177 adnotata
645 2149 734 2174 habes
763 2149 811 2174 hoc
835 2151 872 2175 est
896 2151 984 2174 autem
1075 2151 1186 2183 (agnovit
1209 2158 1223 2176 e
1248 2149 1382 2176 Serviano
1407 2150 1441 2174 ad

164 2191 232 2218 Aen.
252 2192 265 2217 I
285 2194 335 2217 382
356 2190 463 2217 scholio
483 2190 572 2224 petita
597 2190 669 2216 sunt.
703 2188 739 2214 ad
762 2188 830 2214 Aen.
850 2187 916 2213 VIII
936 2191 988 2214 300
1007 2189 1055 2222 qui
1069 2192 1182 2222 praeter
1201 2190 1265 2215 haec
1284 2197 1352 2223 quae
1371 2189 1441 2214 Her-

165 2232 250 2258 culem
284 2239 307 2257 e.
329 2240 354 2264 q.
381 2240 401 2257 s.
426 2229 588 2264 adscripsit,
613 2237 746 2263 quorum·
762 2235 827 2261 pars
854 2227 883 2253 in
915 2226 1018 2254 italicis
1047 2228 1125 2254 libris
1152 2228 1306 2260 invenitur⁷
1334 2227 1441 2261 mytho-

165 2271 265 2306 graphi
294 2271 411 2298 alieuius
435 2271 506 2297 libro
532 2270 640 2297 videtur
668 2276 733 2301 usus
758 2275 832 2292 esse:
866 2266 992 2293 Servium
1018 2267 1092 2293 enim
1122 2276 1177 2302 qua
1200 2277 1229 2294 re
1253 2270 1358 2294 motum
1384 2275 1441 2293 esse

165 2312 259 2345 putas,
280 2312 310 2338 ut
330 2319 400 2345 quae
420 2311 483 2337 aliis
503 2310 571 2337 loeis
596 2309 629 2335 de
650 2306 767 2341 singulis
787 2305 918 2332 Herculis
942 2306 1085 2334 laboribus
1111 2307 1219 2334 dixerat
1242 2307 1293 2333 hoc
1318 2315 1441 2340 eompre-

165 2352 316 2379 henderet‘?
336 2351 380 2386 (cf.
400 2351 522 2377 Thomas
542 2360 567 2384 p,
592 2350 661 2381 106).

220 2401 293 2420 Servii
308 2406 387 2420 comm.
402 2400 452 2420 Vol.
468 2401 486 2420 Ι.
511 2401 575 2419 Fasc.
592 2400 620 2419 II.
976 2384 984 2393 .
1211 2391 1228 2417 (l
