1690 2611
525 120 638 148 COMM.
659 120 698 146 IN
716 119 824 148 VERG„
844 120 928 147 AEN.
947 120 979 146 V.
999 122 1148 146 207—248.
1410 118 1475 148 615

198 202 374 234 absolutos.
421 202 493 234 inde
531 205 580 234 est
617 202 817 234 damnabis
854 204 894 233 tu
933 213 1081 243 quoque
1118 201 1238 242 votis,
1275 201 1366 242 quasi
1403 211 1476 232 reos

196 256 301 294 facies.

287 310 360 341 238.
398 318 567 341 PROICIAM
594 312 668 341 exta
688 308 918 351 ‘proiciuntur'
939 309 973 340 in
993 309 1118 350 fluctus,
1138 309 1202 340 aris
1223 307 1477 349 ‘porriciuntur'‚

198 362 260 393 hoo
284 365 333 394 est
357 364 579 404 porriguntur:
604 363 666 394 nisi
690 362 774 394 forte
799 363 943 394 dicamus
964 363 1061 394 etiam
1081 363 1232 394 fluctibus
1252 362 1367 393 offerri.
1393 361 1478 403 quod

202 416 230 446 si
254 419 312 457 est,
332 415 541 457 ‘porriciam'
564 416 736 458 legendum
761 419 820 458 est,
847 417 882 448 id
901 419 945 448 est
960 427 1056 456 porro
1080 417 1202 448 laedam.

289 470 362 501 240.
399 478 598 507 PHORCIQVE
615 478 751 501 CHORVS
772 470 886 501 Latine
910 469 974 501 ‘hie
990 469 1142 510 Phorcus,
1166 469 1261 500 huius
1282 468 1410 500 Phorci’
1435 468 1479 499 di-

200 523 414 554 cimusz'nam
438 523 520 564 apud
545 534 604 554 nos
630 523 752 555 Graeca
775 523 869 555 huius
893 524 1033 555 nominis
1054 534 1119 554 non
1140 524 1188 554 est
1208 522 1391 553 declinatio.
1429 525 1479 553 est

199 578 308 608 autem
330 576 379 608 hic
401 576 542 609 Phorcus
565 577 642 609 deus
666 578 819 609 marinus.
888 586 1118 615 PANOPEAQVE
1143 585 1250 607 VIRGO
1275 587 1338 607 una
1358 576 1395 607 de
1415 575 1445 607 N
1450 587 1478 607 e-

199 630 355 671 reidibus,
393 641 489 671 quam
527 631 598 662 ideo
638 632 814 672 separatim
847 631 942 671 dixit,
979 632 1015 662 ut
1052 630 1127 661 illas
1160 641 1225 661 non
1258 629 1399 670 virgines
1433 629 1479 659 in-

199 683 401 725 tellegamus.

288 738 360 769 241.
397 746 577 770 PORTVNVS
602 738 679 769 deus
710 739 853 770 marinus
884 739 938 779 qui
967 737 1125 778 portubus
1154 738 1291 778 praeest.
1338 738 1370 767 et
1397 736 1478 767 bene

202 790 356 831 ‘inpulit’
381 802 454 822 eum
478 791 580 832 ‘ipse'
609 792 674 822 iam
698 792 839 823 vicinum
869 792 986 833 portui.
1038 793 1116 823 nota
1145 792 1193 821 est
1222 792 1328 821 autem
1360 789 1478 820 fabula-

204 844 368 885 indiynata
391 845 473 876 Iuno
497 846 578 885 quod
603 856 639 877 esc
655 845 764 885 pellice
791 856 849 877 sua
873 845 987 876 Semele
1010 847 1102 876 natus
1126 844 1218 875 Liber
1239 846 1331 884 pater
1357 843 1396 874 ab
1419 843 1479 874 Ino

200 900 362 929 matertera
390 899 454 930 eius
481 901 554 930 esset
581 900 728 939 nutritus,
756 899 943 930 Atleamantz'
965 899 1030 930 viro
1053 899 1132 935 elus,
1160 898 1224 938 regi
1255 897 1477 935 Thebanorum,

199 951 261 982 sice
277 953 309 982 ztt
322 952 448 991 quidam
468 951 579 992 volunt,
595 951 872 993 Orelconzenlorum,
889 952 1025 991 furorem
1046 952 1174 989 inmisit,
1193 952 1247 991 qul
1319 951 1479 982 Athamas

202 1006 277 1045 post
300 1004 441 1036 furorem
466 1016 484 1036 a
508 1004 629 1037 Iunone
654 1006 823 1037 inmissum
844 1017 914 1037 cum
936 1005 1041 1037 occiso
1061 1004 1203 1036 Learcho
1227 1005 1301 1045 filio,
1321 1005 1394 1036 dum
1413 1015 1480 1035 enm

199 1058 299 1096 feram
322 1059 423 1096 eredit,
446 1058 647 1090 Melicertam
680 1059 817 1090 alterum
845 1059 949 1090 filium
980 1070 1051 1090 cum
1076 1058 1135 1089 Ino
1163 1068 1262 1089 uxore
1292 1068 1349 1088 sua
1377 1068 1481 1098 perse-

201 1114 360 1152 queretur,
385 1114 417 1143 et
441 1124 474 1143 se
500 1112 548 1143 illi
572 1113 606 1143 in
630 1123 717 1143 mare
746 1113 1028 1153 praecipitassent,
1057 1112 1222 1143 voluntate
1251 1111 1419 1142 numinum
1448 1111 1481 1141 in

201 1164 276 1196 deos
301 1165 385 1196 versi
410 1168 498 1197 sunt:
522 1165 691 1197 Melicerta
714 1166 748 1197 in
777 1165 970 1206 Portunum,
999 1166 1054 1207 qui
1084 1164 1204 1197 Graece
1233 1165 1410 1196 Palaemon
1438 1164 1481 1195 di-

201 1218 291 1259 citur,
314 1218 372 1250 Ino
397 1219 429 1250 in
454 1222 591 1250 matrem
615 1219 785 1260 Matutam,
809 1230 890 1260 quae
916 1219 1035 1250 Graece
1059 1219 1174 1250 dicitur
1198 1218 1391 1250 Leucothea.

289 1272 363 1303 ⁶243.
400 1281 516 1304 PORTV
551 1281 590 1304 SE
627 1281 799 1305 CONDIDIT
838 1282 930 1304 ALTo
964 1273 995 1304 id
1030 1275 1078 1304 est
1111 1284 1210 1314 usque
1249 1272 1288 1304 ad
1325 1272 1482 1303 interiora

207 1326 361 1366 pervenit.

289 1379 363 1410 244.
401 1388 448 1410 EX
472 1388 567 1411 MORE
592 1379 750 1420 ludorum,
775 1380 899 1411 scilicet
921 1391 978 1421 per
1002 1391 1201 1421 praeconem.

290 1432 363 1463 245.
401 1442 582 1465 VICTOREM
606 1433 777 1474 ‘primum’
803 1433 987 1465 Cloanthum
1012 1433 1179 1464 subaudis:
1206 1444 1280 1464 nam
1300 1435 1331 1464 et
1350 1433 1398 1464 illi
1419 1433 1480 1464 duo

202 1486 340 1516 victores
365 1489 440 1517 sunt
465 1486 622 1528 Sergesti:
651 1486 734 1518 unde
758 1487 854 1527 paulo
879 1490 952 1527 post
980 1486 1069 1518 habes
1097 1487 1204 1527 <493>
1235 1498 1343 1528 quem
1373 1486 1481 1518 modo

202 1539 332 1570 navali
355 1539 578 1571 Mnestheus
604 1540 816 1591 certamine
841 1540 969 1571 victor
994 1541 1252 1581 consequitur.

293 1593 366 1624 248.
402 1602 474 1624 DAT
498 1602 612 1624 FERRE
636 1596 671 1624 ut
690 1594 779 1632 ferat.
827 1592 985 1624 Graecum
1012 1595 1061 1624 est
1083 1593 1146 1625 duo
1166 1594 1263 1625 verba
1283 1593 1484 1634 coniungere,

277 1675 288 1697 1
311 1671 468 1706 damnabis]
496 1672 556 1698 buc.
578 1672 602 1697 V
621 1674 654 1697 80
680 1673 688 1705 Ι]
716 1675 731 1697 3
752 1673 815 1697 exta
834 1671 1007 1705 proiciuntur
1029 1680 1052 1698 e.
1073 1681 1096 1705 q.
1119 1672 1152 1707 s.]
1172 1672 1205 1698 cf.
1225 1672 1346 1698 Macrob.
1368 1672 1423 1698 Sat.
1446 1672 1484 1697 ΠΙ

203 1710 227 1740 2,
249 1710 263 1732 1
279 1715 337 1740 sqq.
358 1708 367 1740 ΙΙ
387 1711 401 1732 5
421 1707 438 1733 i.
459 1716 482 1734 e.
504 1716 587 1741 porro
607 1707 720 1742 iaciam]
741 1707 774 1734 cf.
795 1707 874 1733 Pauli
895 1707 966 1733 Fest.
988 1717 999 1733 s
1027 1716 1052 1735 v,
1074 1707 1245 1741 ‘porriciam’
1266 1709 1275 1741 ΙΙ
1298 1711 1328 1733 15
1349 1708 1484 1733 Athamas

203 1743 267 1776 post
285 1742 406 1768 furorem
426 1751 448 1769 e.
471 1752 497 1776 q.
519 1743 554 1777 s.]
575 1743 610 1769 cf.
630 1743 708 1769 Luct.
729 1743 804 1770 Plac.
826 1742 861 1769 ad
881 1743 950 1769 Stat.
971 1743 1057 1770 Theb.
1074 1744 1084 1768 l
1102 1746 1132 1769 13
1154 1744 1181 1769 et
1200 1743 1326 1770 V11421.
1346 1743 1484 1777 mythogr.

203 1778 229 1803 II
249 1779 305 1811 7911
324 1781 357 1804 27
378 1778 516 1804 Graecum
537 1780 581 1805 est
601 1800 606 1805 .
628 1799 633 1805 .
655 1801 660 1805 .
681 1778 783 1813 poetis]
807 1779 839 1805 cf.
860 1778 929 1805 Don.
950 1779 985 1804 ad
1005 1779 1066 1805 Ter.
1086 1779 1170 1805 Andr.
1190 1779 1228 1805 ΙΙΙ
1248 1782 1272 1812 2,
1292 1782 1307 1805 4

277 1853 289 1874 1
312 1849 477 1883 dampnabis
498 1849 521 1876 C
532 1851 541 1883 ΙῙ
555 1858 617 1876 reor
631 1850 661 1875 F
672 1850 682 1883 ss
696 1853 710 1875 2
731 1849 817 1876 facies
836 1850 896 1876 hab.
910 1850 932 1876 C
945 1853 969 1876 et
983 1850 1068 1876 edidit
1084 1851 1238 1884 Stephanus
1252 1852 1261 1884 Η
1276 1854 1291 1875 3
1307 1852 1383 1876 extra
1398 1850 1464 1875 NH
1477 1868 1479 1883 ι

206 1885 234 1911 in
253 1885 354 1910 fluctus
373 1885 440 1919 aris]
461 1885 488 1911 in
508 1885 594 1911 fluctu
613 1885 697 1911 maris
718 1886 754 1911 M
784 1885 813 1911 in
832 1885 945 1912 fluctum
966 1885 1020 1912 aris
1039 1895 1111 1912 man.
1127 1894 1175 1913 ree.
1192 1887 1222 1912 'in
1237 1886 1261 1911 L
1276 1887 1285 1919 ΙΙ
1299 1886 1486 1919 porricinntur

204 1921 247 1946 N:
266 1920 409 1954 piciuntur
428 1921 458 1946 F
486 1921 659 1954 poriciuntm·
680 1920 740 1947 CH
765 1920 940 1954 proiciuntur
959 1921 984 1946 L
1005 1922 1034 1954 (1.
1050 1921 1224 1955 poriciuntur
1239 1930 1370 1955 superser.
1387 1922 1414 1954 l),
1434 1930 1484 1948 om.

205 1958 239 1982 M
254 1956 263 1989 ΙΙ
288 1959 304 1981 4
323 1955 375 1982 hoe
395 1957 438 1982 est
456 1956 636 1990 porriguntur
655 1965 705 1983 om.
726 1956 748 1983 G
769 1958 778 1990 ΙΙ
805 1957 859 1983 hoc
878 1958 921 1983 est
939 1965 988 1983 om.
1008 1957 1042 1988 L,
1061 1958 1150 1991 suppl.
1172 1958 1181 1983 l
1204 1958 1212 1991 ΙΙ
1241 1960 1255 1983 5
1275 1957 1424 1990 porriciam
1445 1957 1485 1982 1⁸.-

205 1991 341 2025 poriciam
359 1992 459 2024 reliqui
472 1993 481 2025 ss
496 1993 538 2018 est
556 2000 606 2018 om.
619 1992 655 2017 M
667 1994 676 2025 u
690 1992 718 2018 id
740 1994 782 2018 est
801 2001 883 2025 porro
903 1992 1004 2018 iaciam
1021 1993 1107 2019 edidit
1122 1993 1276 2026 Stephanus
1290 1994 1299 2026 ΙΙ
1313 1993 1420 2019 iaceam
1435 1992 1464 2018 F

206 2030 221 2053 6
242 2027 333 2053 forcus
352 2029 376 2052 et
395 2026 465 2053 forci
485 2027 550 2053 libri
577 2029 585 2060 11
614 2030 628 2053 7
649 2027 813 2062 declinatio]
843 2026 951 2060 Φόρκυς
972 2026 1099 2059 Φόρκυος
1118 2029 1193 2061 quod
1212 2028 1352 2055 interdum
1372 2027 1484 2060 Φόρκυν

208 2060 351 2095 Φόρκυνος
371 2062 473 2088 dicitur
492 2062 564 2088 unde
583 2063 710 2088 Lucanus
730 2063 759 2088 in
778 2063 852 2089 vm.
872 2063 920 2095 (IX
937 2066 998 2096 6⁵26)
1021 2063 1223 2097 ‘Phorcynidos
1243 2073 1292 2090 ora
1311 2065 1369 2097 (sie)
1390 2064 1483 2089 Medu-

207 2098 268 2124 sae'
296 2097 414 2131 protulit
440 2098 504 2124 add.
523 2098 552 2124 I)
580 2099 589 2132 ΙΙ
617 2102 632 2124 S
656 2098 702 2124 hic
721 2100 818 2132 portus
838 2098 873 2124 F.
908 2099 944 2124 ad
963 2107 1028 2125 ver-S.
1049 2102 1100 2125 ‘240
1120 2100 1154 2126 ab
1174 2108 1204 2126 ea
1223 2109 1307 2126 manu
1327 2108 1395 2133 quae
1414 2099 1485 2125 'notis

206 2134 355 2159 tironianis
373 2141 425 2159 usa
444 2136 481 2160 esc
499 2133 640 2166 phorchus
660 2142 706 2160 rex
725 2133 863 2160 sardiniae
882 2133 936 2159 fuit
955 2143 1102 2161 conuersus
1122 2135 1151 2161 in
1169 2144 1271 2162 numen
1297 2135 1434 2161 marinum
1453 2135 1483 2160 in

206 2178 292 2203 mary.
316 2169 358 2201 ΤΙΙ
375 2172 407 2194 14
427 2169 604 2195 anthamanti
625 2169 674 2202 ΕΗ
688 2178 752 2203 rege
773 2169 823 2202 Fu
847 2172 878 2195 15
899 2169 1159 2196 horchomeniorum
1179 2171 1228 2204 ΕΙ]
1244 2171 1290 2204 qui
1311 2179 1372 2196 cum
1393 2170 1484 2196 occiso

206 2205 318 2231 learcho
338 2213 358 2230 e.
379 2214 401 2237 q.
422 2212 441 2230 s.
462 2204 492 2230 F
512 2205 521 2238 11
551 2208 582 2231 17
603 2205 661 2230 fera
680 2205 710 2230 F
726 2207 735 2237 ΙῙ
758 2205 932 2230 melicertum
952 2205 982 2230 F
1002 2207 1011 2238 ss
1035 2206 1096 2240 sua]
1116 2206 1166 2232 Ino
1185 2215 1259 2240 supr.
1282 2214 1345 2232 vers.
1365 2206 1428 2232 add.
1448 2206 1457 2231 l
1482 2207 1483 2214 ¹

210 2243 242 2266 18
261 2240 301 2274 et]
322 2241 353 2266 ut
372 2242 406 2266 M
417 2240 426 2273 ΙΙ
440 2240 614 2266 uoluntatem
634 2240 750 2266 iminum
770 2240 800 2265 F
811 2241 820 2273 l!
837 2243 868 2266 19
887 2240 1033 2266 melicerta
1048 2241 1078 2267 F
1102 2242 1167 2268 meli
1187 2243 1292 2268 incerta
1308 2242 1332 2266 L
1346 2242 1355 2274 ΙΙ
1369 2241 1481 2275 dicitur]

207 2284 273 2301 nam
290 2274 373 2309 λιμὴν
393 2274 504 2309 λιμένος
522 2277 618 2309 portus
638 2275 740 2302 dieitur
759 2276 830 2301 unde
850 2275 1001 2302 Palaemon
1021 2277 1083 2303 add.
1103 2277 1132 2303 D
1153 2278 1162 2311 ΙΙ
1185 2280 1218 2303 20
1238 2277 1267 2303 in
1287 2278 1404 2302 matrem
1424 2285 1483 2302 mu-

207 2312 296 2337 tatam
315 2311 345 2337 F
370 2311 400 2337 in
419 2313 507 2338 matre
527 2313 635 2337 mutata
654 2311 721 2336 NH
725 2311 751 2336 L
770 2311 810 2344 (in
829 2312 945 2337 matrem
964 2313 1073 2339 matuta
1092 2313 1110 2345 l)
1126 2314 1134 2347 Η
1154 2312 1322 2339 leuchothea
1340 2312 1401 2338 NL
1425 2312 1482 2338 leu-

209 2347 289 2373 catea
307 2347 331 2372 L
350 2347 406 2379 (sed
425 2347 503 2373 catea
522 2347 552 2372 in
571 2354 626 2373 ras.
646 2347 665 2380 l)
681 2348 737 2380 1125
757 2348 821 2373 sunt
839 2355 888 2374 om.
909 2347 966 2373 FO
977 2348 986 2381 ss
1000 2347 1072 2374 unde
1091 2356 1140 2375 om.
1162 2348 1185 2375 Ο

1497 420 1511 443 cx

1500 688 1533 711 10

1501 957 1532 980 15

1501 1493 1534 1516 25
