1690 2611
216 113 267 138 ΧΠ
750 113 966 141 PRAEFATIO.

215 206 308 227 usum
333 205 473 236 agnosco
499 212 539 216 —
565 195 643 226 illud
667 197 776 227 tamen
802 197 982 228 rectissime
1007 207 1079 227 eum
1106 197 1226 235 vidisse
1250 198 1404 240 concedo,
1427 209 1499 230 cum

215 249 253 280 de
277 249 365 280 lovis
389 249 485 280 iussis
509 248 571 280 hoc
594 249 664 280 loco
689 250 884 290 cogitaverit
908 250 1108 291 scholiastes,
1128 251 1211 282 male
1232 263 1251 282 a
1270 262 1320 282 me
1339 253 1500 293 temptata

216 313 285 334 esse.
319 303 376 334 illa
409 313 484 334 uam
515 313 583 334 cum
610 304 685 334 dicit
703 329 709 334 .
726 329 731 334 .
748 328 754 334 .
774 304 899 343 implere
920 307 1095 344 praecepta:
1130 315 1326 346 quamquam
1354 316 1391 336 eo
1420 305 1500 337 haee

215 356 440 388 transferenda
464 368 534 388 esse
559 368 622 398 quo
647 368 665 388 a
690 368 740 388 me
764 357 924 388 translata
949 357 1014 388 sint
1038 358 1137 389 etiam
1161 369 1245 389 1111116
1265 361 1369 391 teneo.
1402 359 1500 391 verba

216 413 323 441 autem
353 422 435 452 quae
465 412 540 442 sunt
567 421 582 442 6
611 411 764 442 contrario
793 413 894 442 autem
923 411 1012 450 nefas
1039 411 1117 442 milei
1138 412 1239 451 facere
1261 422 1324 444 wion
1347 413 1433 444 iussa
1458 413 1498 444 ab

216 475 253 495 eo
278 465 333 505 qui
357 465 535 505 pleniorem
560 465 828 496 commentarium
853 465 1036 505 composuit
1060 465 1169 496 addita
1193 476 1262 496 esse
1287 467 1367 506 puto
1386 468 1423 497 ut
1441 477 1500 497 110-

217 530 291 549 vum
322 518 479 549 scholium
509 518 549 550 ad
578 519 748 560 vulgatum
772 518 1086 560 adcommodaretur,
1116 519 1206 550 cuius
1231 519 1331 560 ipsius
1357 521 1500 551 extrema

217 572 315 603 verba
334 572 389 604 ille
409 573 556 604 omisisse
577 572 711 614 videtur,
736 573 812 613 quia
836 583 908 604 cum
933 572 972 603 iis
999 584 1080 613 quae
1104 574 1179 604 ante
1202 573 1385 605 inseruerat
1409 573 1500 605 nullo

218 626 315 657 modo
340 629 491 667 poterant
515 626 676 667 coniungi.

306 680 343 711 In
368 680 498 711 scholiis
524 680 563 711 ad
588 680 667 711 Aen.
687 679 734 711 IV
759 680 823 711 520
848 679 1020 720 adscriptis
1040 678 1221 712 Schoellius
1245 683 1282 712 ut
1304 692 1379 712 nam
1398 684 1426 713 et
1444 682 1500 713 illa

217 734 342 765 seclusa
368 735 400 765 et
423 734 614 766 amatoribus
633 759 640 765 .
660 759 666 765 .
688 759 693 764 .
713 733 884 773 sissnifieari
906 735 1023 773 putant
1052 733 1149 765 verba
1173 745 1318 766 seorsum
1343 735 1499 766 collocata

217 799 280 819 non
310 788 522 829 improbavit,
550 788 597 819 ita
625 789 758 829 propter
786 786 966 818 Pausaniae
991 786 1021 829 (Ι
1044 786 1100 829 30)
1126 787 1255 819 Aeliani
1281 787 1343 831 (ap.
1369 788 1500 820 Suidam

218 853 240 873 s.
270 853 298 872 v.
328 840 495 883 Μέλητος)
529 841 682 872 Hermiae
713 839 768 882 (ad
802 840 884 871 Plat.
913 840 1046 872 Phaedr.
1074 853 1104 882 p.
1136 842 1176 873 78
1205 840 1283 884 Ast)
1312 842 1501 874 testimonia

217 895 391 936 prudenter
421 895 525 926 suasit
548 906 586 926 ne
612 895 710 926 verba
733 894 781 925 liic
804 895 898 926 etiam
921 894 1054 926 Athenis
1077 895 1136 926 coli
1158 896 1270 927 dicitur
1294 898 1500 927 mutarentur

219 951 275 980 aut
299 949 336 979 de
361 960 398 979 eo
418 949 489 979 loco
515 959 609 989 quem
634 948 667 978 111
690 947 889 990 Floriacensi
913 947 1071 979 haberent
1095 950 1308 980 moverentur.
1355 949 1500 990 paenitet

219 1014 269 1034 me
300 1002 384 1043 quod
414 1002 446 1033 iu
474 1002 534 1033 hac
562 1013 597 1032 re
622 1001 842 1033 Turonensem
872 1001 1014 1032 codicem
1038 1002 1129 1043 sequi
1154 1002 1267 1043 malui,
1296 1013 1332 1034 ac
1356 1013 1396 1034 ne
1420 1003 1501 1034 illud

218 1056 348 1097 quidem
377 1058 456 1097 puto
485 1056 610 1087 defendi
641 1067 735 1096 posse
762 1055 847 1097 quod
871 1055 969 1086 verba
994 1067 1075 1096 quae
1100 1058 1175 1087 sunt
1198 1057 1388 1088 amatoribus
1405 1067 1500 1097 prae-

217 1120 277 1141 esse
300 1110 446 1141 dicimini·
461 1107 568 1150 ’Έρως
590 1107 745 1151 Ἀντέρως
769 1108 927 1149 Λυσέρως
951 1121 969 1140 a
994 1108 1157 1141 Servianis
1183 1110 1338 1151 separavi.
1382 1111 1500 1142 etenim

218 1163 280 1194 nisi
305 1163 413 1205 fallor,
438 1164 597 1205 interpres
623 1163 739 1204 aliquis
765 1163 820 1204 qui
841 1165 914 1194 ante
931 1161 1077 1194 Servium
1093 1163 1231 1205 Vergilii
1252 1165 1394 1195 carmina
1414 1175 1497 1196 60111-

218 1218 379 1248 mentatus
406 1219 482 1258 erat,
508 1217 546 1248 ad
572 1229 599 1250 v.
616 1218 680 1248 520
704 1217 783 1248 haec
806 1216 873 1248 fere
899 1217 1126 1257 adscripserat:
1157 1219 1222 1248 tres
1249 1229 1317 1249 esse
1342 1217 1418 1249 deos
1444 1218 1499 1259 qui

218 1273 400 1302 amatorum
434 1282 485 1302 res
515 1282 626 1302 curare
655 1271 873 1311 crederentur,
909 1271 1043 1302 Erotem
1073 1273 1265 1302 Anterotem
1293 1271 1497 1313 Lyserotem3

218 1335 255 1354 ex
280 1324 330 1355 his
356 1325 393 1356 de
417 1325 517 1356 Erote
542 1325 602 1356 hoc
627 1325 696 1356 1060
722 1335 787 1355 11011
811 1335 880 1355 esse
905 1324 1127 1365 cogitandum,
1159 1324 1215 1355 sed
1237 1325 1379 1356 dubitari
1403 1336 1499 1366 posse

218 1379 325 1408 utrum
355 1377 545 1419 Lyserotem
581 1388 622 1408 an
646 1377 838 1408 Anterotem
872 1376 956 1408 Dido
990 1377 1158 1408 invocasse
1191 1379 1332 1419 putanda
1366 1378 1499 1421 esset¹);

218 1431 310 1462 illum
341 1431 424 1463 enim
454 1443 579 1463 amores
609 1431 785 1469 resolvere,
815 1431 908 1462 alteri
933 1431 1061 1472 iniquos
1087 1442 1213 1463 amores
1237 1432 1285 1463 ita
1309 1443 1403 1464 curae
1428 1443 1498 1464 esse

218 1488 254 1516 ut
277 1497 341 1516 non
366 1487 529 1517 amantem
555 1497 664 1517 amore
689 1485 884 1526 implicaret:
909 1496 978 1516 eam
1004 1485 1041 1516 de
1059 1485 1228 1517 Anterotis
1249 1487 1410 1527 potestate
1431 1486 1498 1527 opi-

217 1539 347 1570 nionem
369 1539 618 1571 Atheniensium
642 1538 801 1580 religione
826 1537 1052 1579 0011firma1·i.²)
1081 1549 1119 1569 ex
1143 1539 1204 1570 hoc
1229 1539 1351 1570 scholio
1368 1538 1497 1570 Servius

218 1603 276 1623 sua
305 1593 506 1634 deprompsit
535 1604 616 1634 quae
647 1594 722 1623 sunt
750 1601 856 1623 sensus
879 1594 981 1622 aufem
1005 1591 1053 1622 liic
1076 1595 1119 1623 est
1143 1618 1148 1623 .
1173 1617 1180 1624 .
1204 1618 1211 1623 .
1235 1595 1270 1623 ut
1292 1592 1414 1632 inplicet
1436 1602 1498 1624 mm

217 1649 390 1677 amantem:
425 1658 621 1688 quamquam
655 1645 847 1686 antiquioris
880 1645 1067 1685 interpretis
1101 1645 1281 1677 doctrinam
1315 1646 1497 1686 corrupisse

218 1700 343 1731 videtur
367 1712 439 1732 611111
465 1702 521 1732 aut
545 1699 720 1731 memoriae
745 1699 837 1739 lapsu
863 1700 919 1729 aut
943 1698 1007 1729 alia
1033 1698 1069 1729 de
1095 1709 1190 1730 causa
1213 1699 1382 1730 Anterotis
1406 1701 1496 1740 pote-

219 1753 297 1784 stati
318 1753 436 1785 adiecit
462 1754 547 1794 quod
572 1753 739 1795 Lyserotis
760 1751 927 1793 proprium
948 1763 1017 1783 esse
1037 1751 1253 1795 putabatur.3)
1283 1753 1368 1784 idem
1388 1754 1497 1784 autem

292 1870 316 1901 1)
333 1868 366 1895 cf.
382 1868 449 1895 Aen.
467 1868 503 1894 IV
518 1871 569 1894 478
592 1867 701 1894 ‘inveni
721 1875 854 1900 germana
874 1867 946 1892 viam
964 1889 968 1894 .
987 1888 991 1893 .
1009 1889 1014 1893 .
1032 1875 1103 1900 quae
1122 1867 1192 1893 mihi
1211 1867 1311 1893 reddat
1326 1875 1389 1893 eum
1404 1867 1449 1894 vel
1465 1875 1496 1894 6ο

218 1917 261 1935 me
286 1908 377 1934 solvat
401 1909 569 1934 amantem’.
657 1911 684 1941 Ξ)
708 1907 825 1933 fortasse
850 1907 959 1932 Meletis
984 1907 1042 1933 sive
1067 1907 1164 1933 Meleti
1188 1910 1216 1933 et
1241 1907 1405 1941 Timagorae
1429 1907 1496 1941 fata,

218 1948 317 1981 quibus
339 1949 470 1974 Aelianus
490 1950 518 1975 et
538 1948 688 1974 Pausanias
709 1947 725 1973 1.
742 1947 760 1972 l.
786 1947 969 1973 Athenienses
989 1947 1080 1973 motos
1100 1955 1157 1973 esse
1177 1948 1291 1973 narrant
1319 1949 1350 1973 ut
1369 1946 1497 1973 Anteroti

218 1997 294 2014 aram
315 1990 521 2021 consecrarent,
550 1988 643 2021 aliquo
664 1987 746 2013 niodo
767 1989 984 2013 commemorata
1004 1989 1091 2013 erant.
1168 1988 1196 2021 3)
1214 1996 1268 2013 non
1288 1989 1355 2022 puto
1376 1986 1498 2014 dubitari

218 2037 297 2062 posse
323 2029 389 2063 quin
410 2029 522 2055 Servius
547 2037 609 2055 eum
635 2036 755 2054 errorem
780 2026 936 2053 admiserit:
961 2036 1024 2053 nani
1050 2027 1072 2053 is
1097 2036 1179 2061 quem
1204 2028 1314 2054 secutus
1334 2028 1376 2054 est
1394 2027 1417 2053 si
1436 2027 1496 2061 ipse

218 2078 327 2103 quoquo
348 2069 474 2095 Anteroti
500 2078 608 2095 amores
633 2067 759 2094 solvendi
780 2068 947 2100 potestatem
968 2067 1123 2100 tribuisset,
1149 2076 1203 2093 non
1222 2067 1392 2094 nominasset
1411 2066 1494 2100 Lyse-

219 2110 316 2135 rotem.
346 2109 399 2135 fuit
419 2117 481 2135 cuni
502 2109 655 2135 conicerem
676 2108 743 2134 hacc
764 2116 780 2133 a
796 2106 891 2133 Servio
912 2107 987 2134 edita
1007 2116 1078 2133 csso:
1098 2116 1191 2133 sensus
1210 2110 1298 2134 autem
1317 2107 1360 2133 hie
1374 2109 1426 2133 est:
1446 2109 1495 2133 aut

219 2147 370 2182 Λυσέρωτα
390 2149 507 2181 iurocat,
527 2150 696 2176 cmiii-aritini
713 2148 854 2182 Cupidini,
874 2148 921 2180 qui
941 2156 1043 2173 amores
1063 2148 1179 2180 resolvit,
1200 2150 1248 2174 aut
1267 2149 1334 2174 certe
1346 2143 1494 2179 Ἀντέρωτα

218 2189 263 2215 eui
282 2198 363 2216 curae
382 2192 418 2215 cst
439 2198 460 2216 e.
483 2199 508 2222 q.
530 2199 549 2215 s.
570 2188 617 2215 scd
638 2190 669 2214 ut
688 2188 798 2215 mittam
819 2188 987 2214 contrat-ima
1009 2188 1143 2221 Cupidini
1162 2187 1211 2213 illa
1230 2187 1265 2213 ad
1284 2185 1425 2212 Antei-otis
1446 2195 1494 2212 no-

218 2238 280 2256 men
300 2231 395 2263 aperte
416 2229 567 2263 pertinere,
593 2228 725 2254 librorum
749 2227 911 2254 testimonia
931 2237 985 2254 non
1006 2236 1039 2253 ea
1059 2229 1123 2254 sunt
1142 2228 1172 2253 ut
1191 2226 1258 2253 olim
1276 2224 1428 2260 Λυσὲρωτα
1448 2234 1493 2252 cx-

217 2269 305 2296 titisse
325 2269 460 2296 videatur.
487 2278 656 2302 quamquam
676 2268 886 2294 commendatur
906 2267 1067 2294 coniectura
1085 2267 1135 2294 illa
1154 2266 1352 2293 consuetudine
1373 2266 1493 2300 quadam

219 2310 320 2341 Servii,
345 2310 389 2343 qui
409 2318 463 2336 non
484 2310 594 2336 solebat
613 2311 661 2335 aut
681 2311 748 2335 corte
768 2317 884 2342 ponere,
904 2307 956 2334 nisi
977 2310 1025 2334 aut
1044 2306 1239 2342 praemiserat:
1266 2306 1342 2332 cuius
1364 2306 1402 2333 rei
1422 2306 1494 2332 infra

218 2346 345 2379 exempla
364 2345 512 2379 proferam.
