1690 2611
475 90 586 117 COMM.
608 91 647 116 IN
665 89 772 116 VERG.
793 90 876 117 AEN.
897 91 916 117 Ι.
938 94 1086 118 270—273.
1359 91 1420 122 101

229 174 302 205 273.
340 182 454 205 GENTE
480 181 542 204 SVB
566 180 753 204 HECTOREA
777 171 810 202 id
835 173 885 202 est
909 171 1057 203 Troiana.
1104 174 1159 204 sed
1183 173 1294 204 debuit
1317 173 1421 204 dicere

141 226 299 259 ‘Aeneiaz
346 226 485 257 diximus
510 225 658 266 superius
681 224 814 255 nomina
838 226 953 264 poetas
978 236 1015 256 ex
1040 226 1146 257 vicino
1171 237 1336 268 usurpare.
1371 227 1424 258 sed

139 281 266 321 quidam
289 279 522 320 rewehendzmt,
537 279 627 318 'quod
650 276 830 309 ‘Hectorea'
855 280 883 308 eb
904 287 967 309 non
991 277 1148 310 ‘Aeneia'.
1176 290 1241 311 mos
1264 282 1307 310 est
1326 280 1423 319 poetis

139 335 267 365 nomina
290 344 326 364 em
348 333 458 365 vicinis
481 342 644 372 usurpare,
672 331 746 371 quia
774 331 953 362 coniunctus
978 341 1085 371 {seuere
1108 332 1235 363 Hectori
1259 333 1422 371 Ascanius,

139 390 175 419 ut
195 389 238 418 est
260 389 292 418 et
314 389 424 426 pate-r
446 386 603 425 Aeneas,
632 386 665 415 et
691 384 898 415 avunculus
925 385 1065 415 excitat
1086 385 1230 416 Hector.
1276 386 1334 417 aliz·
1359 389 1421 417 tra-

139 441 227 478 dunt,
253 450 321 471 cum
344 440 486 471 Hectoris
511 438 672 479 progsenies
699 437 788 468 nulla
811 437 845 468 in
867 437 965 468 Italia
992 439 1102 479 fuerit,
1132 439 1196 470 ideo
1221 438 1291 471 ‘snb
1315 440 1423 472 Hecto-

139 493 209 525 rea'
228 494 378 533 positum,
401 495 436 523 ut
457 492 644 532 sifflzifiearet
666 491 721 522 sub
742 491 831 529 forti,
859 493 894 521 111
922 491 955 521 m
982 492 1088 531 quinto
1116 492 1292 523 Hectorei
1321 494 1422 524 socii.

138 548 192 578 sed
213 557 249 578 ea:
276 547 349 578 aliis
378 546 465 577 rebus
492 546 558 577 alia
585 546 640 576 slat
667 545 808 585 nomina,
836 547 871 575 111
892 544 964 584 pios
992 546 1155 577 Aeneadas
1183 546 1362 585 appellavit,
1390 549 1423 577 ut

139 601 260 632 timidos
283 599 439 640 Pliryyas,
467 601 503 630 ut
529 598 641 630 nobiles
663 598 884 638 Dardanidas,
912 600 947 629 ut
971 599 1112 638 perimus
1134 599 1421 631 Laomedontiadas.

138 656 266 685 ceterum
288 653 342 684 ubi
363 663 466 684 veram
489 652 637 693 oriyinem
656 652 812 692 siyniftcat
833 652 962 683 domus
976 652 1161 683 Assaraci
1178 653 1282 692 ponit,
1306 663 1342 683 er
1365 664 1422 692 quo

138 706 251 747 Capys,
288 716 325 737 ea:
360 705 445 746 Capy
476 705 639 743 Anchises,
677 715 713 736 ex
746 704 880 736 Anchise
911 704 1041 736 Amceas.
1139 714 1258 737 DONEC
1292 714 1421 737 REGINA

139 768 316 792 SACERDOS
340 759 478 790 historia
501 759 563 790 hoe
586 758 694 789 habet.
732 757 882 789 Amulius
907 761 940 788 et
962 757 1117 790 Numitor
1139 758 1258 790 fratres
1282 758 1422 791 fuerunt.

138 813 286 844 Amulius
310 812 446 844 fratrem
471 812 607 852 imperio
632 811 757 852 pepulit
781 813 813 842 et
837 811 941 842 filium
966 812 1034 842 eius
1055 813 1196 853 necavit,
1221 813 1321 844 filiam
1346 824 1422 845 vero

138 867 234 898 Iliam
258 866 379 897 Vestae
403 865 604 897 sacerdotem
628 864 718 905 feeit,
743 866 779 895 ut
804 875 893 905 spem
925 865 1048 895 subolis
1078 866 1232 906 auferret,
1257 878 1276 897 a
1300 878 1363 907 qua
1388 878 1421 898 se

136 920 243 961 puniri
272 930 368 960 posse
397 921 601 960 cognoverat.
653 919 736 950 hane
767 920 802 949 ut
832 918 928 949 multi
960 918 1069 949 dicunt
1098 918 1185 950 Mars
1220 921 1419 961 compressit,

136 974 219 1005 unde
242 973 311 1004 nati
340 976 416 1004 sunt
441 973 560 1005 Remus
592 975 623 1004 et
646 972 782 1013 Romus,
812 983 892 1013 quos
922 982 995 1003 011111
1024 974 1128 1003 matre
1153 972 1302 1004 Amulius
1332 985 1421 1014 prae-

137 1026 264 1068 cipitari
288 1026 384 1057 iussit
407 1026 441 1057 111
466 1027 619 1058 Tiberim.
665 1028 734 1057 tum
760 1027 796 1057 ut
820 1025 949 1066 quidam
976 1026 1085 1057 dicunt
1109 1025 1203 1057 Iliam
1230 1027 1293 1058 sibi
1318 1027 1421 1058 Anien

135 1081 213 1112 fecit
236 1090 381 1119 uxorem,
410 1081 446 1110 ut
475 1080 530 1111 alii
560 1080 645 1111 inter
674 1091 754 1120 quos
779 1079 951 1120 Horatius,
974 1079 1116 1110 Tiberis:
1146 1080 1230 1111 unde
1259 1080 1305 1111 ait
1334 1092 1422 1112 uxo-

140 1134 219 1165 rius
253 1132 386 1164 amuis.
431 1133 523 1173 pueri
556 1144 631 1164 vero
667 1132 805 1173 expositi
840 1132 880 1163 ad
914 1132 1053 1163 vicinam
1086 1133 1192 1174 ripam
1227 1136 1309 1165 sunt.
1360 1133 1420 1165 hos

139 1187 277 1219 Faustus
314 1186 458 1226 repperit
498 1189 623 1227 pastor,
665 1186 754 1217 cuius
790 1197 870 1217 uxor
906 1188 976 1217 erat
1011 1198 1112 1227 nuper
1147 1186 1299 1217 meretrix
1337 1186 1422 1218 Acca

208 1295 223 1318 5
244 1293 273 1318 et
291 1292 382 1326 pater]
404 1292 436 1317 A.
456 1291 494 1317 111
514 1295 565 1317 343
589 1292 598 1324 ΙΙ
623 1295 637 1317 7
657 1291 686 1317 111
705 1291 814 1324 quinto}
838 1294 886 1317 190
902 1292 910 1325 ΙΙ
926 1294 958 1317 10
978 1291 1089 1326 domus]
1111 1292 1141 1318 A.
1163 1292 1173 1317 1
1194 1294 1245 1318 ‘284
1259 1293 1268 1326 ΙΙ
1285 1295 1315 1317 12
1336 1292 1421 1318 Amu-

134 1328 191 1354 lius
209 1336 232 1354 e.
248 1337 273 1361 q.
290 1327 323 1361 s.]
344 1335 429 1353 exscr.
451 1327 589 1361 mythogr.
611 1327 620 1352 Ι
641 1330 674 1353 30
698 1328 707 1360 ΙΙ
733 1329 763 1352 18
785 1326 929 1361 Horatius]
952 1335 1034 1353 earm.
1056 1327 1065 1352 I
1086 1330 1110 1361 2,
1132 1330 1163 1353 19

209 1428 222 1451 1
244 1425 292 1450 3οᾱ
312 1424 408 1450 debuit
427 1424 519 1451 dicere
540 1445 566 1450 ..
585 1446 589 1450 .
610 1433 643 1451 ex
666 1424 758 1450 vicino
777 1432 912 1457 usurpare
938 1432 987 1450 om.
1009 1424 1031 1450 C
1052 1425 1060 1457 {1
1085 1428 1099 1450 ‘2
1125 1432 1157 1450 ex
1181 1424 1266 1450 uicini
1291 1433 1345 1451 non
1365 1434 1420 1450 sur-

138 1470 206 1495 pare
225 1461 257 1486 K
274 1468 290 1485 a
308 1460 402 1486 uicino
422 1468 554 1494 usurpare
576 1461 613 1486 M
635 1461 644 1494 ss
668 1464 683 1487 8
705 1460 752 1486 3οᾶ
772 1469 805 1486 ex
824 1459 888 1486 aliis
912 1460 993 1486 rebus
1019 1460 1076 1486 alia
1095 1460 1144 1486 dat
1167 1460 1282 1486 nomina
1307 1461 1338 1486 ut
1361 1460 1421 1494 pios

139 1496 284 1523 Aeneadas
304 1495 459 1529 appellavit
477 1497 590 1529 scripsi.-
610 1496 657 1522 sed
677 1497 706 1522 et
725 1495 788 1521 aliis
808 1495 888 1521 rebus
909 1495 965 1521 alia
985 1495 1053 1521 dant
1067 1495 1180 1521 nomina
1195 1496 1225 1521 ut
1239 1495 1300 1529 pios
1316 1496 1420 1522 Aenea-

137 1533 186 1558 das
206 1531 343 1565 appellari
365 1531 387 1557 C
404 1531 437 1563 cf.
459 1532 532 1557 Serv.
553 1532 589 1557 (1ιῖ
609 1533 676 1557 Aen.
698 1531 709 1556 l
730 1534 780 1557 468
795 1531 804 1563 ΙΙ
826 1534 855 1556 11
878 1531 915 1556 (1ιῖ
934 1539 957 1556 v.
978 1534 1028 1557 273
1049 1531 1143 1557 Donec
1162 1531 1259 1564 regina
1279 1531 1419 1565 sacerdos]

135 1567 253 1593 historia
272 1567 324 1593 hoc
344 1566 437 1593 habet.
476 1567 603 1593 Amulius
623 1568 652 1593 et
670 1566 801 1592 Numitor
825 1566 925 1592 fratres
947 1566 1069 1599 fuerunt,
1094 1566 1145 1592 filii
1164 1566 1267 1593 Procae
1288 1567 1420 1600 (prochae

134 1603 178 1636 P).
216 1602 343 1628 Amulius
363 1603 456 1628 autem
475 1602 590 1629 fratrem
609 1602 719 1636 pepulit
745 1610 831 1635 regno
851 1603 880 1627 et
898 1601 987 1627 filium
1008 1602 1065 1627 eius
1084 1602 1197 1628 necauit
1216 1602 1357 1636 (regnauit
1375 1603 1420 1634 Ρ),

134 1638 221 1664 filiam
240 1646 349 1671 quoque
375 1638 433 1663 eius
453 1638 533 1664 Iliam
553 1638 655 1664 Vestae
680 1638 852 1664 sacerdotem
875 1637 955 1670 fecit,
982 1639 1013 1663 ut
1036 1646 1114 1671 spem
1137 1638 1241 1664 sobolis
1263 1638 1363 1664 (soboli
1384 1638 1419 1671 P)

136 1674 269 1706 auferret,
289 1682 305 1700 a
325 1682 380 1706 qua
399 1681 427 1699 se
446 1673 539 1707 puniri
559 1674 667 1708 (punire
684 1674 721 1705 P)
740 1681 821 1707 posse
838 1674 1016 1706 cognouerat.
1046 1673 1115 1699 haec
1132 1682 1194 1699 cum
1209 1674 1318 1706 peteret
1334 1682 1419 1706 aquas

134 1709 170 1735 ad
189 1717 270 1735 sacra
289 1708 434 1743 repentino
454 1718 570 1735 occursu
589 1709 648 1742 lupi
668 1709 782 1735 turbata
800 1708 903 1742 refugit
922 1708 950 1734 111
971 1709 1146 1742 speluncam,
1171 1709 1199 1734 in
1220 1717 1275 1741 qua
1294 1717 1310 1734 a
1330 1709 1419 1734 Marte

135 1752 293 1778 compressa
313 1745 366 1777 est,
392 1744 464 1771 unde
488 1745 547 1771 nati
571 1748 634 1771 sunt
654 1745 755 1771 Remus
780 1746 808 1770 et
832 1744 975 1770 Romulus*
1014 1745 1062 1770 sed
1081 1744 1208 1770 Amulius
1233 1744 1365 1776 (Aruilius
1386 1744 1418 1776 C)

134 1780 247 1812 timens,
267 1788 301 1806 ne
321 1780 394 1812 (fort.
415 1789 449 1806 110
469 1781 542 1814 011111)
562 1780 595 1806 de
616 1780 701 1813 stirpe
722 1779 816 1805 fratris
835 1779 992 1805 Numitoris
1011 1779 1119 1813 aliquid
1133 1781 1309 1813 procreatum
1325 1780 1418 1806 adole-

135 1815 220 1841 uisset
238 1815 418 1847 (aboleuisset
437 1816 473 1849 P)
494 1824 576 1842 auum
596 1816 714 1842 forsitan
733 1815 902 1847 uindicaret,
922 1823 1022 1849 pueros
1043 1824 1105 1841 eum
1125 1817 1215 1841 matre
1238 1815 1419 1849 praecipitari

136 1851 219 1876 iussit
236 1850 266 1876 in
285 1850 417 1878 Tiberim.
445 1851 517 1877 hauc
537 1854 568 1878 ut
586 1852 700 1884 quidam
721 1851 817 1876 dieunt
836 1850 915 1876 Iliam
937 1851 1027 1883 (Iliam
1047 1860 1096 1877 om.
1113 1851 1150 1884 P>
1170 1851 1223 1877 sibi
1242 1851 1333 1877 Anien
1352 1851 1419 1877 feeit

136 1894 262 1918 uxorem,
281 1887 313 1912 ut
332 1886 381 1912 alii
400 1887 442 1919 (ut
460 1886 509 1912 aui
528 1896 577 1913 om.
594 1887 630 1920 P)
650 1887 722 1913 inter
742 1895 812 1919 quos
827 1886 972 1918 Horatius,
993 1886 1114 1919 Tiberis,
1130 1887 1201 1912 unde
1218 1888 1260 1912 est
1280 1886 1418 1912 uxorius

136 1922 252 1948 amnis,
292 1921 372 1954 pueri
390 1929 455 1947 uero
476 1922 595 1956 expositi
615 1923 650 1949 ad
669 1922 792 1948 uicinam
810 1922 900 1956 ripam
921 1922 1007 1948 delati
1027 1924 1102 1954 sunt,
1130 1922 1166 1948 ad
1185 1930 1253 1955 quos
1273 1922 1418 1955 ungientes

135 1958 203 1991 lupa
222 1957 255 1983 de
276 1956 375 1983 uicinis
394 1957 534 1983 montibus
554 1958 631 1984 uenit
650 1959 678 1984 et
696 1958 784 1984 ubera
802 1957 944 1991 praestitit
964 1957 1123 1991 (praestetit
1139 1958 1183 1989 P).
1222 1957 1269 1983 sed
1290 1966 1351 1983 011111
1372 1966 1418 1983 003

135 1993 253 2019 Faustus
277 1993 374 2025 pastor
397 1992 456 2018 eius
484 1992 539 2018 loci
567 1993 813 2019 animaduertisset
838 1993 939 2019 nutriri
965 2001 981 2019 a,
1000 1993 1059 2019 fera
1083 1995 1111 2019 et
1134 1993 1228 2026 picum
1252 2001 1418 2026 pari-amque

137 2028 376 2061 circumuolitare,
407 2027 564 2061 suspicatus
597 2029 707 2054 diuinae
739 2028 853 2062 originis
883 2028 1006 2055 sobolem
1043 2029 1077 2054 ad
1106 2029 1209 2055 Accam
1238 2028 1418 2054 Laurentium

135 2072 248 2090 uxorem
268 2071 339 2096 quae
359 2064 424 2090 ante
443 2063 574 2090 meretrix
594 2063 730 2096 (meritrix
749 2064 785 2097 P)
809 2064 900 2090 fuerat
924 2072 1024 2098 pueros
1044 2064 1158 2097 detulit,
1184 2072 1254 2097 quae
1275 2065 1418 2098 susceptos

136 2101 193 2132 (eos
212 2099 250 2133 P)
271 2099 349 2125 aluit.
371 2099 428 2125 ΟΡ.
466 2108 534 2132 quae
558 2100 634 2132 apud
657 2099 781 2125 Servium
804 2102 932 2125 secuntur
956 2099 985 2125 hi
1004 2101 1103 2133 postea
1123 2122 1128 2126 .
1146 2122 1150 2126 .
1168 2122 1173 2127 .
1193 2100 1222 2126 in
1241 2100 1332 2126 tutela
1358 2108 1417 2125 esse

137 2135 234 2161 Martis
253 2143 285 2161 ea
306 2135 413 2168 intema
431 2135 509 2160 habet
524 2134 561 2174 0².
573 2135 613 2160 ita
632 2137 780 2167 eontracta,
802 2138 830 2160 ut
850 2136 879 2161 et
897 2143 914 2160 a.
929 2135 1010 2161 Romi
1030 2135 1140 2161 nomine
1161 2158 1166 2162 .
1184 2157 1188 2161 .
1206 2157 1210 2161 .
1232 2135 1416 2161 diminutione

138 2173 163 2197 et
181 2172 210 2197 et
228 2171 338 2197 constat
356 2171 409 2197 hoc
429 2170 535 2196 animal
554 2170 583 2196 in
601 2170 692 2196 tutela
712 2178 771 2196 esse
790 2170 888 2196 Martis
908 2171 1008 2203 desim
1028 2171 1055 2196 P
1074 2172 1082 2204 ΙΙ
1108 2174 1138 2196 12
1159 2171 1213 2197 duo
1234 2171 1334 2197 fratres
1356 2171 1392 2196 M
1408 2170 1409 2194 1

136 2244 169 2267 13
189 2241 262 2268 filios
282 2241 308 2267 L
333 2241 431 2275 (filium
452 2242 471 2274 Ζ)
495 2242 504 2274 ΙΙ
530 2244 561 2266 14
586 2240 691 2267 sobolis
709 2241 816 2266 BHM
837 2241 846 2274 ΙΙ
873 2244 904 2267 16
924 2241 1046 2268 romulus
1066 2241 1093 2267 B
1122 2250 1215 2275 romu
1270 2242 1278 2274 J
1302 2241 1378 2272 M(s
1399 2249 1416 2265 α

136 2285 168 2303 m.
188 2278 248 2309 sec.)
271 2278 280 2310 ΙΙ
304 2280 335 2303 17
355 2277 448 2311 Diam}
469 2277 554 2303 aliam
575 2277 605 2302 K
625 2277 634 2310 ΙΙ
658 2276 760 2330 Α111011]Ι
788 2276 876 2303 amnis
895 2277 922 2302 Β
942 2278 951 2311 11
975 2281 1008 2304 18
1032 2277 1105 2303 unde
1129 2277 1180 2311 ait]
1206 2264 1276 2302 unde
1302 2277 1343 2302 est
1363 2275 1414 2302 K]

137 2320 186 2338 om
207 2313 244 2338 M
264 2313 273 2345 ΙΙ
296 2315 329 2338 20
349 2312 392 2339 cui
411 2313 496 2339 RMz

1444 659 1475 682 10

1442 925 1472 948 15

1442 1192 1475 1215 20
