1690 2611
634 134 849 161 PRAEFATIO.
1287 136 1375 162 XXXI

103 218 135 248 61
159 216 193 247 in
216 216 286 257 ipso
311 216 457 258 Vergilio
482 216 728 257 interpretando
753 216 870 256 quibus
895 218 1040 247 uteretur
1065 217 1201 248 aliorum
1227 217 1382 257 exemplis

105 281 143 301 ea
178 269 330 301 diuturno
361 281 422 301 usu
452 270 625 301 memoriae
657 269 755 300 infixa
790 280 859 300 esse
888 269 981 300 facile
1010 270 1219 311 intellegitur.
1261 271 1383 302 accedit

100 313 189 365 'quod
214 322 360 354 Servium
386 323 523 354 aliorum
544 323 829 364 grammaticorum
851 322 958 353 studia
982 322 1015 352 in
1035 323 1270 363 antiquioribus
1290 324 1383 355 libris

105 376 310 407 emendandis
336 378 368 407 et
393 376 580 408 enarrandis
605 376 713 417 posita
737 376 937 406 moderatum
963 386 1032 406 esse
1062 376 1275 416 probabiliter
1299 378 1382 408 coni-

104 430 196 461 citur.
234 441 298 471 (1113
321 430 354 461 111
377 441 411 461 re
436 440 653 461 commemoro
679 429 763 460 hanc
787 429 923 461 duorum
948 428 1109 459 Iuvenalis
1134 429 1292 470 codicum,
1317 430 1382 461 Me-

105 483 185 514 dicei
215 485 246 514 et
274 482 452 524 Leidensis,
480 483 751 524 subscriptionem
782 482 878 523 ‘Legi
908 492 968 523 ego
997 481 1116 513 Niceus
1146 481 1269 513 Romae
1299 484 1382 525 apud

106 536 253 568 Servium
277 537 469 578 magistrum
503 538 534 567 et
563 535 761 577 emendavi',
785 536 823 567 de
853 546 916 576 qua
944 535 1014 566 vide
1044 534 1079 566 Ο.
1104 535 1253 566 Iahniuni
1282 537 1382 577 praef.

106 591 152 622 ed.
183 590 258 621 min.
287 601 314 621 a.
347 590 430 621 1868
460 601 490 630 p.
516 590 543 620 7.
577 590 604 620 is
634 591 741 620 autem
769 588 980 620 Verrinarum
1011 589 1195 620 orationum
1224 600 1382 621 commen·

106 643 208 675 tarius
242 654 336 684 quem
368 645 442 674 ante
474 643 676 684 praeclaram
708 642 863 684 Madvigii
897 642 1151 683 disputationem
1184 643 1276 673 multi
1307 643 1381 674 Nie-

109 696 257 728 buhrium
292 707 357 727 11011
392 696 558 728 audientes
588 696 728 727 Asconio
758 696 955 736 tribuerunt,
993 698 1029 726 ut
1056 695 1118 727 hoc
1146 696 1217 737 ipso
1247 697 1380 737 vulgato

107 749 265 791 dignitate
288 749 433 790 inferior,
461 750 507 781 ita
531 749 640 780 multis
670 750 699 780 ei
723 749 818 780 rebus
844 751 910 780 tam
936 749 1052 780 similis
1078 752 1139 789 est,
1164 752 1198 780 ut
1224 750 1250 780 si
1274 761 1338 781 11011
1364 762 1381 781 3

108 801 218 834 Servio
242 803 327 843 ipso,
351 804 386 834 at
410 805 496 834 certe
521 815 537 835 e
562 802 665 834 Servii
690 803 833 843 officina,
863 804 899 833 ut
922 803 968 833 ita
997 802 1114 842 dicam,
1143 803 1288 834 videatur
1312 815 1382 844 pro-

105 856 208 887 fectus
233 867 311 887 esse.
347 856 409 887 hoc
434 868 531 888 unum
556 857 589 887 in
613 868 683 887 eam
707 867 775 888 rem
800 856 973 897 protulisse
994 856 1073 887 satis
1093 856 1210 893 habeo,
1236 868 1254 887 a
1270 856 1381 888 Servio

107 910 266 951 accepisse
290 909 607 941 Pseudo—Asconium
633 910 716 951 quod
741 909 782 940 ad
806 911 867 940 act.
883 909 898 940 I
926 910 974 950 10,
999 910 1039 940 31
1061 910 1099 940 de
1124 909 1261 951 Vergilii
1288 921 1381 941 versu

103 964 156 1005 qui
181 966 230 994 est
253 963 322 994 buc.
338 962 383 994 IV
402 964 442 994 12
462 963 679 1005 intellegendo
718 963 812 1003 dixit,
833 963 871 994 de
896 974 957 1004 quo
984 963 1108 994 scholio
1133 963 1276 994 iudicans
1293 963 1381 994 Mad<

102 1017 207 1058 vigius
232 1016 283 1047 his
308 1016 414 1048 verbis
439 1028 515 1048 usus
541 1019 589 1048 est
614 1016 706 1048 tnihil
731 1019 840 1048 tamen
866 1017 898 1047 111
923 1015 1087 1048 Ciceronis
1113 1017 1380 1058 interpretatione

102 1072 169 1101 tam
200 1070 360 1101 insulsum
396 1081 492 1111 quam
529 1070 612 1111 quod
649 1070 686 1100 de
720 1069 924 1101 nobilissimo
962 1080 1056 1101 versu
1087 1069 1277 1111 Vergiliano
1311 1070 1381 1101 buc.

101 1122 148 1154 IV
170 1124 210 1154 12
240 1124 359 1164 posuit,
389 1134 484 1165 quem
512 1123 568 1154 ille
598 1123 636 1154 de
667 1123 811 1164 quintilis
850 1125 881 1154 et
909 1123 1033 1154 sextilis
1062 1123 1248 1154 nominibus
1279 1126 1380 1154 muta-

103 1177 145 1208 tis
175 1176 311 1218 accipit’.
358 1177 397 1208 cf.
437 1176 522 1208 Serv.
561 1177 601 1208 ad
635 1176 713 1208 Aen.
749 1176 793 1207 XI
827 1177 889 1208 301
930 1178 962 1207 61
994 1176 1306 1208 Pseudo-Asconius
1342 1177 1379 1208 ad

102 1229 202 1261 divin.
227 1229 306 1261 XIII
331 1230 383 1261 43.

191 1283 220 1314 A
244 1283 350 1314 verbis
375 1283 512 1314 aliorum
533 1284 725 1324 scriptorum
749 1283 886 1324 exempli
906 1294 1002 1314 causa
1021 1283 1159 1314 laudatis
1184 1283 1241 1314 illa
1264 1283 1380 1314 discer-

103 1336 207 1368 nenda
230 1339 305 1368 sunt
329 1348 409 1378 quae
435 1336 564 1368 Servius
596 1348 633 1368 ex
659 1348 768 1368 eorum
793 1338 884 1368 libris
915 1337 1075 1378 excerpsit
1104 1348 1183 1378 quos
1212 1340 1380 1378 tamquam

104 1392 251 1422 auctores
282 1401 356 1421 suos
386 1390 454 1431 ipse
489 1393 730 1422 commemorat.
772 1391 886 1421 horum
917 1391 1073 1421 librorum
1104 1402 1176 1421 cum
1205 1402 1270 1422 11011
1298 1391 1379 1421 1111111

103 1443 199 1475 hodie
220 1446 337 1484 extent,
368 1442 470 1475 Servii
499 1444 696 1475 testimoniis
731 1446 886 1484 quantum
917 1444 992 1475 fidei
1021 1444 1205 1475 habendum
1235 1444 1277 1475 sit
1307 1455 1380 1475 con-

104 1497 196 1527 stitui
220 1499 337 1537 potest.
376 1500 472 1538 atque
497 1498 596 1538 siquis
627 1509 664 1528 ea
688 1508 768 1538 quae
785 1496 913 1528 Servius
935 1497 1014 1528 Aen.
1030 1497 1077 1527 IV
1093 1497 1156 1528 379
1183 1509 1201 1528 a
1225 1497 1380 1529 Cicerone

104 1548 158 1591 (de
181 1552 246 1581 nat.
271 1550 356 1581 deor.
380 1550 394 1581 I
419 1550 475 1590 23,
501 1550 556 1591 63)
587 1552 618 1581 61
644 1551 721 1582 Α611.
746 1550 776 1581 V
802 1551 865 1582 738
897 1562 915 1581 a
940 1550 1044 1582 Gellio
1075 1550 1138 1585 (HI
1163 1550 1197 1591 2)
1226 1551 1379 1591 petivisse

103 1614 136 1634 se
160 1603 331 1644 profitetur
355 1614 425 1634 cum
450 1604 529 1644 ipsis
560 1602 725 1635 Ciceronis
752 1606 783 1634 et
812 1603 909 1634 Gellii
938 1603 1044 1634 verbis
1075 1604 1322 1644 comparaverit,
1352 1604 1379 1634 is

103 1656 195 1686 illum
219 1667 257 1687 ne
282 1667 332 1688 res
362 1657 508 1698 quidem,
536 1657 651 1688 nedum
682 1657 782 1688 verba
811 1657 953 1687 tenuisse
982 1657 1117 1697 videbit,
1146 1659 1182 1688 ut
1212 1669 1274 1698 quo
1299 1660 1379 1688 tem-

103 1720 180 1749 pore
209 1710 455 1741 commentarios
486 1710 616 1751 scripsit
644 1710 746 1741 libros
776 1710 849 1741 illos
878 1721 943 1741 11011
972 1709 1077 1751 possit
1102 1710 1289 1750 inspexisse.
1327 1721 1379 1741 ne-

104 1773 163 1802 que
192 1763 313 1794 maiore
343 1774 420 1795 cura
449 1763 548 1794 Plinii
580 1763 721 1794 naturali
757 1763 895 1794 historia
928 1774 1004 1794 usus
1033 1765 1097 1803 est,
1131 1774 1193 1804 quo
1228 1775 1265 1794 ex
1295 1763 1379 1794 libro

104 1816 184 1846 satis
209 1817 312 1847 multa
342 1816 486 1847 derivata
515 1827 583 1847 esse
612 1817 693 1847 dixit
723 1828 802 1857 quae
832 1817 865 1847 111
895 1827 931 1847 60
960 1827 1024 1847 11011
1053 1816 1269 1848 inveniuntur.
1304 1828 1377 1848 nam

105 1879 176 1899 cum
201 1869 392 1909 quadragies
417 1868 483 1899 fere
499 1869 622 1900 Plinius
647 1869 811 1910 laudetur,
837 1868 982 1909 Silligius
1003 1869 1102 1909 praef.
1122 1882 1152 1911 p.
1167 1870 1210 1901 45
1230 1870 1280 1900 his
1301 1870 1378 1901 locis

106 1921 210 1952 aliena
234 1922 264 1952 ei
286 1922 387 1953 tribui
411 1922 521 1953 docuit
550 1922 630 1954 Aen.
654 1922 668 1953 I
697 1923 772 1963 174,
796 1922 842 1953 IV
868 1922 929 1953 261
959 1924 990 1953 et
1014 1922 1094 1964 551,
1118 1923 1199 1954 VIII
1224 1923 1281 1961 33,
1305 1923 1380 1963 401,

106 1975 182 2014 652;
208 1973 254 2005 IX
279 1974 355 2015 715,
383 1975 412 2005 X
443 1976 518 2016 174,
552 1976 626 2016 184,
656 1976 732 2017 2723
762 1976 831 2006 buc.
860 1975 908 2006 III
933 1976 966 2016 8,
996 1985 1105 2016 georg.
1129 1976 1145 2006 I
1169 1976 1224 2014 59,
1252 1976 1284 2007 II
1319 1976 1377 2006 119

107 2029 138 2058 et
165 2027 240 2068 152,
264 2026 313 2058 III
336 2028 410 2058 422.
447 2028 547 2059 nolim
572 2030 680 2060 tamen
704 2028 938 2060 fraudulentiae
963 2028 1103 2059 incusari
1128 2029 1378 2069 grammaticum

105 2081 197 2122 quasi
227 2091 418 2122 magnorum
453 2081 646 2122 scriptorum
675 2082 868 2113 auctoritate
902 2084 1073 2122 praetenta
1103 2082 1168 2112 suis
1197 2081 1378 2122 praeceptis

104 2134 177 2175 plus
202 2134 354 2175 ponderis
379 2133 451 2164 addi
475 2134 629 2175 voluerit,
649 2134 704 2165 sed
723 2135 1009 2176 neglegentissime
1029 2134 1173 2175 profecto
1198 2135 1273 2166 fecit
1294 2134 1378 2175 quod

105 2198 186 2228 quae
211 2187 248 2218 de
272 2181 474 2218 naturalibus
503 2187 600 2218 rebus
629 2187 757 2227 aliunde
786 2188 836 2219 vel
862 2187 998 2228 legendo
1022 2188 1073 2218 vel
1103 2188 1261 2219 audiendo
1291 2198 1378 2218 acce-

104 2241 198 2281 perat
226 2241 345 2271 temere
375 2240 414 2271 ad
447 2240 606 2271 naturalis
640 2240 797 2271 historiae
831 2240 1021 2281 scriptorem
1054 2241 1190 2272 rettulit.
1229 2240 1378 2271 similiter

105 2292 246 2324 incuriae
276 2295 308 2324 et
336 2293 573 2334 properantiae,
604 2304 668 2324 non
702 2293 916 2334 malignitatis
946 2293 1173 2324 documentum
1202 2303 1270 2323 esse
1299 2294 1377 2331 puto

107 2345 190 2386 quod
206 2345 284 2377 Aen.
299 2345 363 2377 VII
381 2347 395 2377 1
421 2345 550 2377 Donato
576 2346 749 2387 imputavit
769 2346 853 2387 quod
878 2346 917 2377 ab
943 2357 979 2377 eo
1001 2347 1140 2377 alienum
1161 2356 1230 2376 esse
1255 2344 1377 2375 scholio

160 2402 232 2421 Servii
247 2407 326 2422 comm.
342 2402 393 2421 Vol,
408 2403 425 2422 1.
448 2402 513 2422 Fasc.
529 2403 559 2421 11.
1152 2406 1165 2422 C
