1690 2611
514 99 627 126 COMM.
647 99 689 124 m
705 98 812 125 VERG.
835 97 916 125 AEN.
937 97 970 123 V.
991 100 1139 124 773—801.
1399 96 1462 127 649

187 195 322 226 quarum
343 182 481 214 secunda
501 183 533 212 et
550 181 650 212 tertia
672 181 830 221 personae
853 180 969 221 longae
996 181 1071 210 sunt
1093 181 1226 220 propter
1251 178 1464 209 differentiam

187 236 274 268 ‘sum
299 248 331 268 es
357 235 430 268 est’.
468 233 568 266 ‘edit’
593 236 700 265 autem
719 234 753 264 in
772 233 948 274 praeterito
972 232 1160 273 producitur
1184 232 1248 263 ‘edi
1267 233 1354 263 edisti
1374 230 1465 271 edit',

188 293 225 322 ut
249 289 372 332 ‘legiss

278 344 351 375 788.
388 350 517 374 CAVSAS
533 350 639 373 TANTI
655 349 752 372 SCIAT
768 349 850 371 ILLA
868 349 1016 372 FVRORIS
1040 340 1121 370 bene
1142 338 1328 380 supprimit:
1353 340 1466 369 contra

189 398 293 438 ipsam
318 396 403 427 enim
425 397 501 425 sunt
525 405 606 435 quae
626 393 706 425 Iuno
731 394 764 424 in
789 393 912 424 decimo
929 393 1013 433 (92)
1033 393 1231 433 exsequitur,
1255 395 1289 423 ut
1309 391 1371 423 ‘me
1387 391 1465 423 duce
1485 398 1500 420 5

189 449 373 482 Dardanius
397 447 549 489 Spartam
573 448 772 488 expugnavit
797 445 944 478 adulter’.

279 503 351 534 790.
389 511 486 539 QVAM
509 510 634 533 MOLEM
665 504 701 532 ut
723 501 800 532 alibi
823 500 858 540 <1
886 500 967 541 134>
991 502 1023 531 et
1050 502 1180 530 tantas
1211 499 1361 530 audetis
1392 499 1465 530 tol-

189 558 268 588 lere
292 556 422 587 moles.

280 610 352 641 791.
389 617 592 646 NEQVIQVAM
618 610 674 639 aut
698 608 765 638 sine
790 618 900 647 causa,
930 608 964 638 id
986 610 1028 638 est
1057 607 1145 638 nulla
1174 608 1303 637 extante
1328 607 1466 637 ratione:

191 667 246 695 aut
275 661 499 704 ‘nequiquam’
529 665 685 703 quantum
714 661 753 692 ad
790 661 858 692 eius
893 661 1034 702 pertinet
1065 662 1218 691 mentem:
1253 671 1348 690 unam
1383 660 1466 690 enim
1490 666 1520 688 10

190 727 304 748 navem
339 727 375 746 ex
410 715 560 747 omnibus
595 716 699 746 vertit.
744 715 824 746 unde
852 714 1007 746 ait'lzrizo
1036 713 1119 753 <VII
1143 713 1229 753 309>
1260 713 1352 752 ‘quae
1380 713 1468 752 potui

191 769 325 810 infdix’.

281 823 353 854 792.
392 831 428 854 IN
451 830 577 853 REGNIS
598 830 666 854 Hoc
687 830 774 854 AVSA
799 830 875 853 TV1s
900 824 935 853 ut
960 822 1035 852 alibi
1059 821 1092 861 <I
1114 821 1196 861 138>
1221 832 1292 852 non
1316 820 1378 851 illi
1403 821 1468 851 im-

191 877 337 918 perium
362 876 492 917 pelagi
516 886 747 915 saevumque
777 875 992 906 tridentem.
1084 883 1180 906 ACTIS
1205 874 1313 905 furore
1338 873 1467 914 conpul-

192 931 250 971 sis,
284 932 319 961 ut
353 929 547 969 <V11405>
581 929 752 969 reginam
788 928 942 960 Allecto
978 928 1150 959 stimulis
1184 928 1266 969 agit
1305 926 1468 968 undique
1491 933 1521 955 15

192 983 345 1015 Bacchi.

281 1037 353 1068 795.
390 1045 546 1068 IGNOTAE
571 1037 722 1078 ignobili,
752 1039 787 1067 ut
811 1048 893 1067 nam
924 1047 1037 1077 saepe
1067 1036 1174 1067 favos
1200 1036 1356 1076 ignotus
1382 1034 1468 1065 ade-

192 1091 248 1122 dit
271 1091 422 1122 stellio:
448 1094 479 1121 et
502 1090 582 1121 dixit
607 1091 739 1131 iqiiotam
761 1090 874 1121 Italiae
902 1090 1144 1130 conparatione:
1168 1101 1243 1120 nam
1268 1090 1382 1130 ignota
1404 1099 1469 1119 non

192 1147 261 1175 erat
285 1145 324 1176 ad
349 1155 444 1185 quam
470 1144 520 1174 bis
544 1144 676 1175 Troiani
702 1147 865 1175 venerant.

281 1198 353 1229 797.
391 1206 482 1228 VELA
506 1206 577 1227 ’11131
602 1197 634 1227 id
659 1199 708 1228 est
732 1209 789 1238 per
813 1208 948 1239 regnum
973 1199 1075 1228 tuum.
1488 1201 1522 1223 ⁴20

280 1250 351 1282 798.
391 1259 421 1282 Sl
445 1258 619 1282 CONCESSA
645 1259 734 1282 ΡΕΤΟ
760 1251 930 1292 siquidem:
962 1262 1036 1281 nam
1062 1250 1157 1281 modo
1178 1249 1228 1280 esi'
1249 1249 1469 1280 confirmantis

192 1306 250 1335 est.
298 1304 366 1345 agit
391 1306 497 1335 autem
524 1316 542 1335 a
567 1304 725 1345 possibili.

281 1357 353 1388 800.
392 1366 453 1388 ΕΑΒ
479 1366 575 1389 OMNE
608 1366 669 1389 EST
700 1358 748 1388 fas
778 1360 809 1388 te
841 1360 900 1398 est,
932 1357 992 1389 hoc
1023 1359 1071 1389 est
1100 1357 1252 1397 possibile
1282 1359 1344 1396 est⁷
1373 1355 1469 1386 ‘meis

192 1411 300 1451 regnis
325 1410 451 1441 fidere':
475 1422 550 1441 nam
577 1410 673 1442 ‘fido’
700 1411 995 1442 dativum'tantum
1021 1411 1113 1452 regit.

281 1464 352 1495 801.
391 1473 487 1495 VNDE
510 1473 624 1496 GENVS
649 1473 751 1496 DVCIS
777 1467 812 1496 ut
837 1465 975 1496 diximus
1001 1476 1098 1505 supra
1118 1463 1275 1504 <11119>,
1299 1463 1375 1504 quia
1398 1462 1465 1493 feli·
1490 1469 1523 1492 25

193 1517 271 1548 citer
296 1521 344 1548 est
368 1519 578 1559 navigaturus
605 1518 743 1558 Aeneas,
774 1518 914 1549 Venerem
940 1518 1014 1549 dicit
1037 1528 1057 1548 a
1082 1518 1164 1548 mari
1186 1519 1391 1557 procreatam.
1438 1518 1469 1546 et

192 1574 228 1602 ut
251 1571 313 1602 fert
337 1571 461 1612 fabula,
486 1570 601 1602 Caelus
622 1574 715 1612 pater
734 1571 796 1601 fuit
812 1570 950 1602 Saturni.
987 1571 1038 1602 cui
1059 1582 1130 1602 cum
1155 1571 1256 1601 iratus
1277 1570 1362 1600 filius
1387 1569 1469 1600 falce

268 1680 298 1703 17
318 1686 381 1702 nam
402 1677 498 1712 saepe]
524 1686 618 1712 georg.
639 1677 675 1703 IV
695 1680 746 1703 242
770 1678 779 1710 11
807 1680 839 1702 27
860 1677 959 1703 Caelus
979 1678 1058 1711 pater
1078 1698 1082 1702 .
1105 1698 1109 1703 .
1132 1698 1136 1702 .
1157 1676 1272 1710 gaudet]
1300 1684 1384 1702 exscr.
1406 1676 1468 1702 Isid.

193 1721 231 1739 or.
256 1712 319 1739 VIII
341 1716 380 1746 11,
401 1715 433 1738 76
454 1713 483 1739 et
502 1716 542 1740 77.
572 1713 710 1747 mythogr.
731 1713 768 1738 111
790 1716 812 1745 1,
833 1716 856 1738 7.
886 1713 919 1739 cf.
940 1713 1079 1746 mythogr.
1100 1712 1123 1737 11
1145 1715 1177 1737 30

266 1815 277 1837 1
291 1819 409 1845 persona
420 1811 487 1836 LM
500 1813 509 1844 11
523 1814 538 1836 2
549 1811 678 1844 producit
688 1811 761 1843 libri,
772 1819 840 1836 corr.
852 1810 1006 1837 Schoellius.
1027 1810 1155 1844 producit
1167 1810 1204 1836 ‘e'
1217 1811 1249 1835 ut
1258 1809 1328 1843 legit
1339 1810 1466 1842 Stephan.

195 1849 218 1872 et
233 1846 384 1872 Fabricius
404 1846 532 1880 producit
553 1847 590 1871 ‘e’
613 1846 657 1872 edi
677 1847 758 1872 edisti
778 1846 836 1872 edit
854 1847 886 1872 ut
904 1846 974 1881 legit
988 1846 1090 1872 Daniel
1104 1847 1113 1879 11
1128 1849 1143 1871 4
1164 1848 1260 1872 contra
1278 1845 1368 1879 ipsam
1386 1845 1415 1870 F
1421 1845 1455 1870 M
1461 1856 1468 1870 .-

194 1883 290 1908 contra
308 1882 367 1916 ipse
383 1883 414 1908 N
441 1884 538 1908 contra
557 1882 618 1916 ipsa
634 1882 702 1908 LM
715 1883 723 1915 ΙΙ
738 1885 752 1907 5
774 1885 805 1908 ut
822 1882 855 1907 M
874 1885 897 1907 et
912 1890 987 1915 supr.
1004 1890 1069 1907 vers.
1086 1882 1108 1907 I:
1128 1883 1157 1907 at
1173 1881 1203 1907 F
1214 1883 1223 1915 11
1238 1884 1252 1907 9
1274 1882 1384 1906 extente
1404 1881 1472 1906 NH

193 1937 315 1967 (extante
333 1938 362 1965 oz)
392 1936 517 1961 exstante
539 1936 575 1960 M
592 1936 601 1968 11
626 1939 656 1961 11
677 1943 776 1961 navem
796 1943 844 1962 om.
865 1935 897 1960 N
900 1935 968 1967 LH,
988 1935 1082 1960 nanim
1103 1935 1139 1961 M
1156 1936 1165 1968 11
1184 1934 1269 1961 uertit
1288 1943 1320 1960 ex
1341 1934 1467 1960 omnibus

194 1971 223 1996 F
239 1972 248 2004 11
268 1974 299 1997 12
318 1971 426 2005 infelix]
454 1979 525 2004 quae
545 1972 647 1996 memet
666 1970 694 1996 iu
714 1970 808 1996 omnia
826 1970 898 1996 verti
916 1970 1013 1997 vincor
1032 1971 1067 1996 ab
1087 1971 1182 1997 Aenea
1201 1971 1264 1996 add.
1284 1970 1388 1996 Daniel
1405 1971 1414 2003 11
1437 1973 1465 1995 17

193 2007 323 2033 scholium
342 2007 378 2033 ad
396 2015 419 2032 v.
440 2009 490 2032 795
510 2014 561 2032 om.
582 2006 611 2032 F
632 2008 641 2039 11
665 2006 774 2040 ignotos
793 2006 861 2031 NH
880 2007 889 2039 11
914 2009 946 2032 18
967 2005 1038 2032 dixit
1057 2006 1183 2040 ignotam
1204 2007 1252 2031 M:
1272 2006 1398 2039 ignotam
1418 2014 1466 2031 om.

194 2077 300 2108 NLH,
320 2077 389 2103 dixit
407 2077 460 2103 hoc
480 2076 555 2102 Lion
577 2078 585 2110 11
611 2080 641 2102 19
663 2078 722 2102 erat
742 2076 906 2102 Fabricius:
926 2078 1005 2103 erant
1024 2077 1133 2102 NHM
1160 2079 1220 2104 erat
1240 2078 1264 2103 L
1289 2079 1339 2110 (n.
1337 2085 1466 2110 apewscr.

189 2121 234 2146 pr
256 2114 299 2145 m.)
319 2113 327 2145 11
348 2115 380 2138 21
402 2112 425 2138 si
444 2112 644 2146 confirmantis]
665 2112 736 2138 sicut
755 2112 890 2138 firmantis
911 2113 962 2146 ΗΙΙ
981 2115 1014 2138 22
1035 2112 1105 2146 agit]
1126 2113 1167 2139 ait
1186 2114 1210 2138 L
1229 2114 1238 2146 11
1257 2116 1290 2139 23
1311 2113 1412 2138 scholia
1432 2113 1468 2138 acl

193 2157 215 2173 ι.
228 2150 278 2173 800
298 2151 322 2173 et
342 2149 378 2174 ad
396 2147 469 2174 unde
488 2156 574 2181 genus
595 2147 671 2173 ducis
686 2151 854 2173 evomuerunt
875 2156 903 2173 m
920 2147 1107 2180 Flowzaeensi,
1126 2150 1252 2175 conlata.
1251 2151 1312 2174 mit
1327 2157 1386 2173 cum
1401 2148 1467 2173 Ber-

192 2184 271 2210 nemsi
291 2187 339 2209 167
360 2184 405 2217 (=
426 2183 460 2216 G)
479 2185 488 2217 11
488 2157 637 2217 gpossibile
658 2182 711 2217 est]
731 2183 903 2216 possibiliter
925 2183 949 2209 G
968 2185 977 2217 ΙΙ
998 2187 1031 2209 24
1050 2192 1115 2210 nam
1135 2193 1185 2210 om.
1201 2184 1224 2210 G
1244 2185 1253 2217 11
1278 2187 1311 2210 26
1332 2184 1466 2209 Venerem

194 2219 262 2245 dicit
282 2227 298 2245 a
317 2219 387 2245 mari
407 2220 438 2245 in
457 2221 596 2247 contemtu..
622 2220 797 2252 procreatam
817 2220 847 2244 in
866 2228 950 2253 mam.
972 2229 989 2245 a
1008 2223 1153 2246 corNreetme
1171 2221 1321 2253 suppletum
1342 2220 1402 2245 hab.
1425 2219 1466 2245 M.

194 2254 329 2281 Venerem
350 2276 354 2281 .
373 2276 377 2281 .
395 2276 400 2281 .
421 2256 596 2288 procreatam
615 2254 758 2280 ediderunt
776 2254 929 2288 Stephanus
948 2258 972 2281 et
987 2255 1137 2282 Fabricius
1150 2257 1159 2289 11
1174 2264 1188 2281 e
1208 2255 1276 2281 mari
1297 2255 1446 2281 Fabricius
1461 2256 1462 2287 j

194 2328 227 2351 27
248 2326 322 2352 celus
342 2326 366 2351 G
396 2306 487 2352 caelds
506 2326 539 2352 N
555 2327 564 2360 11
583 2326 627 2352 cui
647 2334 708 2351 cum
730 2326 778 2351 M:
798 2334 846 2352 cus
865 2335 928 2352 cum
948 2326 972 2353 G
1000 2327 1044 2353 cui
1063 2335 1096 2353 en·
1116 2336 1178 2353 cum
1197 2326 1228 2351 N
1254 2334 1316 2352 oum
1338 2325 1401 2350 ΕΗ
