1690 2611
527 98 639 125 COMM.
659 98 696 124 IN
715 98 824 124 VERG.
843 98 926 125 AEN.
948 98 993 125 IV.
1014 101 1161 126 616—655.
1417 99 1479 129 577

209 180 294 219 anni,
318 180 378 212 hoc
398 182 447 212 est
467 182 532 212 tres
558 180 686 212 Saturni
711 191 832 220 cursuS‚
857 180 989 211 exitium
1016 182 1134 221 creant,
1158 181 1220 212 nisi
1239 181 1323 212 forte
1343 181 1480 212 aliarum

207 234 374 265 stellarum
406 234 590 275 benignitas
621 234 718 265 etiam
749 233 880 264 tertium
913 233 981 264 eius
1013 236 1142 274 superet
1173 245 1315 266 cursum:
1343 235 1481 275 fortuna,

206 287 238 318 id
263 290 312 319 est
335 299 425 329 casu,
455 289 509 329 qui
540 288 579 319 ad
612 288 720 319 omnia
752 286 894 328 pertinet
924 298 1004 327 quae
1036 287 1232 318 extrinsecus
1264 290 1351 328 sunt,
1382 290 1417 319 ut
1441 288 1480 320 ad

207 341 344 382 ruinam,
367 341 523 382 incendia,
545 341 724 382 naufragia.
771 341 851 372 bene
876 351 953 382 ergo
978 340 1059 371 dixit
1089 340 1276 372 tFortuna’:
1301 341 1346 372 sic
1370 340 1480 373 Cicero

207 394 240 425 in
260 394 452 436 Philippicis
472 395 507 435 <1
521 395 628 436 4,1Ο>
648 395 769 426 multa
793 394 887 425 mihi
910 393 1097 425 inminere
1121 394 1351 426 videbantur
1374 406 1480 436 prae-

206 449 265 479 ter
287 451 463 480 naturam
487 450 718 490 praeterque
742 448 875 489 fatum,
899 447 929 478 id
955 449 1004 478 est
1028 447 1127 489 gladii
1155 448 1286 479 Antonii
1313 460 1350 479 ex
1375 460 1458 480 casu.

296 502 368 533 654.
405 515 504 534 MAG-va
536 502 715 542 coyitatione
744 512 847 533 eorum
878 502 932 542 qui
962 511 1009 532 me
1038 511 1098 532 mm
1130 501 1283 541 viderunt,
1313 502 1365 533 sed
1390 502 1482 541 factis

206 559 413 596 coynoverunt.
504 565 566 588 svn
591 564 724 587 TERRAS
749 564 818 586 IBIT
842 563 950 586 IMAGo
974 554 1054 586 bene
1074 554 1250 595 imaginem
1271 555 1365 586 dixit:
1390 556 1481 587 valde

207 609 291 640 enim
316 609 481 651 quaeritur
504 609 588 650 apud
612 609 832 650 philosophos,
857 608 933 650 quid
957 607 1037 639 illud
1061 608 1105 639 sit
1129 608 1213 649 quod
1237 608 1357 640 inferos
1381 610 1481 650 petat.

206 674 281 694 nam
305 663 409 694 tribus
434 665 633 694 constamus:
658 663 774 703 anima,
799 673 879 703 quae
905 673 1041 703 superna
1070 663 1119 693 est
1147 664 1180 692 et
1205 661 1364 703 originem
1389 674 1480 694 suam

204 717 299 757 petit:
324 728 465 758 corpore,
490 717 573 757 quod
598 717 631 748 in
654 718 741 747 terra
765 716 885 747 deficit:
910 716 1033 757 umbra,
1057 727 1153 757 quam
1172 708 1340 747 Lucretius
1364 716 1410 747 sic
1429 717 1481 748 de-

206 770 292 811 finit,
321 770 457 811 †‘supra
490 771 648 811 spoliatus
679 770 799 801 lumine
837 769 915 801 πότ’.
969 780 1045 811 ergo
1077 769 1191 801 umbra
1221 770 1247 800 si
1279 780 1317 800 ex
1348 780 1481 811 corpore

206 826 340 862 creatur,
372 824 441 855 sine
465 823 562 854 dubio
587 823 671 864 perit
696 834 767 854 cum
799 834 848 860 eo,
879 834 937 854 nec
969 825 1018 854 est
1048 823 1219 864 quicquam
1251 823 1409 864 reliquum
1443 823 1480 854 de

205 877 334 909 homine
360 878 443 919 quod
469 877 588 908 inferos
607 879 706 918 petat.
744 877 799 908 sed
819 877 1096 918 deprehenderunt
1115 887 1184 908 esse
1204 876 1363 918 quoddam
1384 876 1480 908 simu-

205 931 336 972 lacrum,
361 931 445 973 quod
470 931 509 962 ad
533 931 636 962 nostri
661 931 803 972 corporis
828 930 968 972 effigiem
988 931 1099 962 fictum
1118 929 1238 961 inferos
1258 930 1352 971 petit:
1377 932 1410 961 et
1433 934 1481 962 est

206 985 326 1026 species
351 996 517 1026 corporea,
542 996 622 1026 quae
646 995 711 1015 non
735 986 843 1025 potest
862 985 967 1026 tangi,
987 985 1069 1015 sicut
1089 986 1216 1015 ventus:
1241 984 1314 1015 hinc
1338 985 1371 1015 in
1390 986 1480 1016 sexto

206 1038 314 1079 <391>
339 1049 501 1079 corpora
524 1039 611 1069 viva
634 1038 741 1069 nefas
763 1037 897 1079 Stygia
922 1039 1077 1068 vectare
1102 1038 1242 1068 carina.
1271 1037 1354 1069 hanc
1374 1039 1480 1069 autem

205 1103 272 1123 rem
297 1088 393 1123 etiam
418 1091 578 1123 Homerus
603 1092 740 1133 requirit
764 1091 936 1122 simulacro
965 1090 1114 1122 Herculis
1139 1091 1223 1132 apud
1251 1091 1371 1122 inferos
1400 1091 1479 1123 viso.

205 1147 237 1176 et
261 1145 422 1177 sciendum
451 1146 621 1177 simulacra
650 1145 730 1177 haec
755 1156 823 1176 esse
853 1145 950 1176 etiam
980 1156 1091 1176 eorum
1123 1145 1176 1186 qui
1205 1156 1262 1185 per
1291 1144 1480 1186 apotheosin

204 1199 249 1230 dii
272 1199 351 1231 facti
376 1201 463 1231 sunt:
488 1199 571 1230 unde
596 1202 651 1230 aut
675 1199 736 1231 visi
761 1210 830 1230 esse
854 1199 939 1240 apud
963 1198 1083 1230 inferos
1105 1200 1161 1229 aut
1180 1198 1257 1229 illuc
1278 1198 1480 1230 descendisse

205 1253 361 1284 dicuntur.
407 1252 563 1284 Horatius
589 1253 627 1284 de
651 1252 768 1284 Libero
793 1255 829 1284 te
853 1253 951 1284 vidit
982 1253 1114 1283 insons
1145 1250 1335 1283 Cerberus
1364 1263 1479 1284 aureo

205 1317 321 1338 cornu
345 1307 530 1338 decorum.
578 1307 741 1338 sciendum
765 1308 884 1347 tamen,
905 1306 995 1337 abuti
1019 1308 1132 1347 poetas
1157 1308 1189 1337 et
1213 1306 1344 1337 confuse
1369 1306 1420 1338 vel
1440 1306 1480 1338 si-

206 1360 387 1392 mulacrum
411 1360 460 1391 vel
486 1360 616 1392 umbras
641 1360 753 1391 dicere.

294 1414 366 1445 655.
403 1423 519 1445 VRBEM
543 1422 773 1445 PRAECLARAM
799 1423 923 1445 sTATw
952 1424 1016 1445 non
1041 1415 1090 1444 est
1114 1413 1311 1445 contrarium
1336 1413 1384 1444 illi
1408 1414 1478 1445 loeo

205 1467 288 1508 <88>
313 1467 473 1508 ‘pendent
487 1478 585 1508 opera
605 1467 814 1508 interrupta':
840 1468 926 1507 [quia
948 1467 1025 1498 illud
1042 1478 1078 1498 ex
1093 1478 1224 1507 persona
1239 1470 1345 1507 poetae
1363 1467 1478 1498 dietum

203 1522 260 1561 est]
285 1532 360 1552 nam
383 1521 459 1552 licet
482 1520 647 1561 paululum
671 1521 792 1562 aliquid
817 1523 1014 1561 superesset,
1040 1522 1195 1562 quantum
1221 1521 1260 1552 ad
1284 1521 1389 1561 ipsam
1409 1532 1479 1561 per-

204 1575 287 1606 tinet
308 1574 441 1606 fecerat:
466 1576 501 1605 ut
521 1573 604 1615 (75)
624 1575 831 1616 urbemque
855 1576 1043 1615 paratam,
1067 1574 1144 1605 item
1165 1574 1260 1615 paulo
1281 1576 1353 1615 post
1372 1574 1478 1615 <683>

205 1628 412 1670 urbemque
435 1630 548 1659 tuam.
587 1630 619 1660 et
647 1637 691 1659 re·
709 1639 785 1659 vera
814 1628 937 1659 civitati
966 1628 1042 1669 quid
1072 1630 1217 1669 superest
1244 1627 1340 1659 factis
1369 1628 1479 1667 muris,

204 1682 325 1723 templo
349 1682 454 1722 posito
480 1683 513 1712 et
536 1681 674 1719 theatro,
696 1681 772 1721 foro,
795 1681 924 1713 senatu?
947 1682 1055 1721 quibus
1074 1682 1287 1722 adizqumtm·
1306 1682 1397 1713 etiam
1411 1682 1479 1720 pri-

204 1738 291 1766 vatae
313 1735 407 1775 aedes,
431 1737 465 1765 ut
487 1735 523 1775 <I
548 1735 634 1774 425>
653 1745 745 1775 pars
768 1737 894 1774 optare
926 1735 1056 1775 locum,
1085 1738 1177 1766 tecta
1205 1738 1238 1767 et
1264 1735 1479 1766 concludere

277 1843 292 1866 8
312 1840 393 1866 valde
413 1840 486 1866 enim
507 1841 648 1874 quaeritur
669 1862 672 1866 .
691 1863 695 1868 .
713 1862 717 1867 .
738 1840 783 1866 vel
802 1840 913 1867 umbras
933 1840 1035 1874 dicere]
1056 1849 1140 1867 exscr.
1160 1841 1299 1875 mythogr.
1320 1841 1359 1867 ΠΙ
1378 1844 1403 1871 9,
1424 1843 1456 1866 10
1470 1841 1479 1875 Η

208 1880 237 1901 11
254 1875 410 1910 Lucretius]
426 1875 464 1901 IV
476 1879 623 1903 seen—378.
644 1876 678 1902 cf.
692 1876 804 1903 Lachm.
821 1876 882 1902 adn.
899 1876 933 1902 ad
945 1879 995 1903 368
1010 1877 1019 1910 ΙΙ
1035 1879 1066 1902 18
1082 1877 1230 1911 Homerus]
1248 1876 1408 1902 O<1.X1601
1419 1885 1477 1910 sqq.

151 1925 161 1937 .-
211 1913 213 1944 ⁴:
232 1915 263 1937 ‘21
286 1911 429 1945 Horatius]
450 1920 531 1938 carm.
552 1912 575 1937 II
598 1915 637 1945 19,
657 1915 690 1938 29

280 2013 291 2035 1
313 2008 417 2035 exitum
439 2009 463 2035 T
480 2011 489 2043 ss
508 2013 523 2035 4
542 2009 700 2044 naufragia]
720 2018 827 2036 uenena
848 2011 910 2037 add.
932 2011 968 2036 M
985 2011 994 2043 H
1013 2013 1028 2035 5
1048 2011 1137 2036 multa
1155 2012 1248 2036 autem
1268 2010 1419 2044 inpendere
1439 2010 1477 2035 vi-

206 2046 306 2071 dentur
325 2046 435 2078 praeter
454 2047 581 2071 naturam
601 2046 685 2072 etiam
704 2047 869 2079 praeterque
888 2046 976 2072 fatum
998 2045 1089 2072 Cicero
1107 2046 1116 2079 ΙΙ
1136 2049 1150 2072 6
1170 2045 1347 2080 praeterque]
1368 2047 1479 2079 praeter

208 2081 244 2107 M
256 2082 265 2114 ΙΙ
279 2081 384 2107 factum
404 2080 437 2106 H
447 2081 457 2114 ll
477 2083 491 2106 7
512 2081 548 2106 ad
566 2089 669 2115 magna
687 2089 761 2114 supr.
778 2090 843 2107 vers.
864 2081 1035 2115 cogitatione
1055 2081 1163 2108 scilicet
1182 2090 1276 2107 eorum
1297 2103 1301 2108 .
1323 2101 1327 2106 .
1351 2103 1355 2107 .
1376 2089 1477 2114 cogno-

206 2119 306 2143 uerunt
328 2116 351 2141 Τ
367 2117 376 2149 ss
394 2118 409 2142 8
429 2116 499 2142 bene
520 2116 602 2142 FM:
622 2117 691 2142 bene
711 2125 776 2151 ergo
795 2117 893 2142 NLH
908 2118 917 2150 l}
941 2120 970 2143 11
991 2119 1093 2143 terram
1114 2118 1151 2143 M
1167 2118 1176 2150 ΙΙ
1195 2117 1321 2143 definiuit
1342 2116 1399 2142 FL
1417 2118 1426 2148 Η
1447 2119 1477 2142 12

206 2160 289 2186 supra
307 2151 417 2184 NLH,
446 2160 494 2177 om.
516 2151 545 2177 F
551 2152 586 2177 M
613 2153 668 2184 (sed
690 2161 736 2178 seoe
759 2153 814 2184 fere
837 2153 942 2178 litterae
965 2161 1057 2178 erasae
1080 2153 1111 2178 in
1131 2153 1186 2185 M).
1221 2161 1319 2186 supero
1344 2152 1478 2185 spoliatus

205 2188 309 2214 lumine
330 2187 364 2213 F.
381 2187 536 2213 Schoellius.
567 2188 600 2219 ef.
621 2187 704 2214 Lucr.
724 2188 760 2213 VI
781 2191 832 2214 854
846 2196 899 2221 sqq.
915 2189 924 2221 ΙΙ
938 2188 1055 2214 lumines
1076 2188 1126 2222 Fu
1150 2192 1181 2214 14
1200 2187 1407 2222 deprehendere
1426 2187 1451 2212 L
1470 2191 1477 2213 *l

205 2223 383 2249 simulacrum
398 2232 447 2248 om.
461 2223 496 2248 M
510 2224 519 2256 ΙΙ
534 2226 566 2249 16
587 2223 657 2248 sicut
676 2231 725 2249 neo
745 2225 844 2249 ventus
863 2224 991 2257 mythoyr.
1008 2225 1017 2257 ss
1032 2227 1064 2249 19
1084 2224 1232 2250 simulacra
1251 2232 1300 2250 om.
1314 2223 1349 2249 M
1361 2224 1370 2256 11
1384 2225 1418 2248 20
1437 2222 1477 2248 di-

206 2259 330 2285 cendisse
350 2258 380 2284 F
400 2260 409 2292 ss
433 2258 605 2284 descendisse
625 2258 766 2293 dicuntur]
788 2259 918 2285 docendis
938 2260 1067 2285 secuntur
1086 2260 1118 2285 H
1139 2261 1147 2291 ΙΙ
1175 2263 1207 2285 22
1229 2268 1312 2286 cornu
1332 2258 1373 2284 F:
1398 2266 1477 2284 curru

206 2294 345 2320 NLHM
357 2295 366 2327 ΙΙ
380 2294 494 2320 deorum
516 2294 566 2327 ΗΙΙ
580 2294 669 2328 abuti]
691 2294 787 2328 abipso
807 2294 860 2328 ΗΙΙ
881 2297 914 2320 25
934 2303 1048 2328 persone
1068 2295 1097 2320 F
1109 2296 1118 2328 ΙΙ
1132 2295 1249 2329 dictum]
1271 2302 1354 2327 supra
1373 2293 1477 2319 dictum

206 2330 309 2356 Daniel
324 2331 432 2364 primus
446 2331 455 2364 ss
470 2333 502 2356 27
523 2329 627 2356 faceret
646 2329 679 2355 H
689 2331 698 2363 ΙΙ
713 2333 745 2356 29
765 2330 855 2364 posito
876 2330 914 2365 et]
935 2332 1017 2364 portu
1037 2330 1067 2357 F
1078 2332 1086 2364 11
1107 2334 1141 2356 30
1160 2331 1256 2356 obtare
1278 2329 1307 2355 F

1502 669 1534 692 10

1502 937 1534 960 15

1500 1205 1533 1228 20

1499 1473 1531 1496 25

1497 1741 1531 1764 30
