1690 2611
212 117 354 144 XXXVIII
744 114 956 141 PRAEFATIO.

212 200 340 241 saepius
361 197 659 230 commemorandas
680 208 748 229 esse
770 197 892 228 sciebat
915 197 970 228 ubi
989 197 1130 238 primum
1151 197 1266 236 poetae
1286 196 1391 228 verbis
1407 208 1490 229 com-

212 253 377 285 mentandi
392 252 543 283 materies
564 252 675 283 oblata
699 253 748 282 est
762 251 857 292 plene
878 251 996 292 dicere,
1019 251 1095 291 post
1113 249 1257 291 legentes
1282 261 1319 282 eo
1343 262 1492 283 revocare

214 307 310 338 solet:
336 309 371 337 ut
382 317 462 347 quae
474 305 513 337 ad
525 305 604 336 Aen.
621 305 667 336 IV
680 305 721 336 99
738 304 762 335 F
765 304 951 336 loriacensis
968 303 1204 335 commentator
1218 303 1328 344 posuit
1341 303 1433 337 ‘licet
1447 305 1492 336 fa-

213 360 291 392 bula
314 360 348 390 in
372 360 476 400 primo
501 359 586 390 libro
610 360 743 390 narrata
767 358 810 389 sit
829 357 986 398 breviter,
1010 359 1121 388 tamen
1144 356 1270 398 plenior
1289 357 1365 389 talis
1386 357 1450 390 est’
1476 371 1494 390 a

214 424 303 445 more
319 413 387 444 eius
399 413 505 444 aliena
517 413 590 444 sint.
617 412 740 443 accedit
751 411 834 452 quod
847 411 1005 442 formulae
1021 410 1132 452 quales
1149 412 1224 442 sunt
1240 409 1294 442 ‘de
1306 422 1368 452 qua
1382 411 1495 444 fabula

214 467 289 498 talis
310 465 374 497 est’
391 465 487 508 (quae
498 464 657 497 Chelones
670 464 800 496 fabulae
816 464 994 505 praemissa
1014 463 1076 506 est)
1093 465 1125 495 et
1140 463 1263 495 ‘fabula
1277 464 1403 505 plenior
1418 466 1493 497 talis

215 520 280 552 est’
313 520 345 551 in
378 520 523 561 pleniore
558 518 788 550 commentario
822 518 925 549 multo
961 517 1195 558 frequentiores
1228 520 1303 549 sunt
1334 529 1430 560 quam
1463 519 1495 550 in

217 574 350 616 vulgato
376 572 429 616 (cf.
453 584 483 614 p.
513 573 583 613 141,
612 573 663 613 163
691 572 767 613 169,
794 572 847 612 123
872 571 950 612 340,
974 571 1031 612 273
1056 571 1133 612 357,
1161 572 1214 612 153
1239 571 1309 603 buc.
1330 571 1409 604 VIII
1429 572 1496 615 30).
1536 604 1539 606 ,

217 638 316 669 quare
340 626 520 668 Hymenaei
545 626 689 657 fabulam
719 636 756 656 ex
781 625 864 656 alius
885 624 1079 656 scholiastae
1103 624 1195 665 libro,
1220 636 1282 666 quo
1307 625 1494 667 mythogra-

218 682 303 723 plius
329 691 455 722 quoque
482 691 556 711 usus
583 680 635 720 sit,
659 679 692 710 in
716 679 896 720 pleniorem
917 678 1185 710 commentarium
1209 678 1402 710 translatam
1427 691 1496 711 esse

216 738 294 777 puto
304 734 336 776 ¹).
363 734 447 776 quod
469 734 602 764 alterius
627 732 859 774 mythographi
884 731 1071 764 testimonio
1089 730 1124 773 (f.
1139 731 1219 774 219)
1245 732 1496 774 commendatur,

217 789 271 831 qui
287 788 462 830 genuinum
489 786 591 818 Servii
617 786 774 818 scholium
800 786 969 827 exscripsit
996 787 1028 816 et
1051 785 1147 826 primi
1171 786 1356 817 narratione
1375 786 1497 818 inserta

217 842 314 874 auxit.
354 841 465 873 eadem
490 841 573 872 ratio
603 840 687 872 inter
716 840 779 871 fab.
808 840 868 871 101
900 841 932 870 et
956 838 1137 871 Cassellani
1166 838 1205 869 ad
1230 850 1256 870 v.
1282 839 1345 871 505
1376 839 1495 871 addita-

218 898 362 927 mentum
386 894 582 926 intercedere
607 894 744 926 videtur.
783 895 923 925 ceterum
954 893 1039 924 docti
1065 894 1334 924 commentatores
1360 893 1434 934 quid
1459 894 1497 925 de

218 950 407 991 Hymenaeo
433 947 633 989 prodiderint
663 959 700 978 ex
730 947 928 978 Floriacensi
958 946 998 977 ad
1027 946 1106 977 Aen.
1135 945 1182 977 IV
1210 946 1270 977 127
1301 948 1333 978 et
1355 946 1498 978 Lemovi-

219 1003 305 1035 censi
331 1003 370 1033 ad
390 1003 459 1033 buc.
474 1001 554 1033 VIII
571 1002 613 1033 30
634 1001 757 1033 scholio
779 1001 993 1042 cognoscitur.
1030 1001 1133 1031 restat
1152 1002 1189 1031 ut
1208 1000 1349 1041 primum
1373 1000 1499 1042 mytho-

219 1057 379 1098 graphum
405 1055 482 1098 (fab.
510 1056 586 1097 138)
612 1058 643 1087 et
668 1054 893 1086 Cassellanum
923 1054 1120 1085 scholiasten
1145 1053 1185 1084 ad
1209 1052 1281 1085 Aen
1305 1053 1320 1085 I
1346 1054 1409 1085 619
1433 1066 1498 1086 non

219 1111 264 1142 ita
288 1111 372 1141 inter
397 1121 430 1141 se
461 1109 642 1141 consentire
672 1119 833 1149 moneam,
863 1109 899 1139 ut
929 1108 1010 1139 alter
1039 1108 1078 1139 ad
1108 1107 1242 1139 alterius
1271 1108 1498 1139 auctoritatem

220 1176 252 1195 se
277 1163 456 1204 adplicasse
484 1162 645 1194 videatur:
670 1162 770 1193 immo
798 1162 911 1193 eodem
930 1160 1020 1193 fonte
1048 1161 1097 1192 usi
1118 1163 1206 1202 sunt,
1231 1161 1313 1192 unde
1334 1161 1397 1192 alia
1416 1163 1499 1193 uter-

222 1229 297 1259 que,
322 1216 386 1248 alia
412 1216 494 1247 alter
518 1217 645 1247 tantum
670 1215 836 1246 derivavit.

311 1269 397 1306 Quas
422 1269 508 1300 inter
528 1268 672 1300 Isidori
697 1268 858 1310 originum
888 1267 1205 1309 differentiarumque
1225 1268 1326 1300 libros
1347 1269 1379 1299 et
1399 1268 1500 1300 Servii

222 1325 404 1356 commenta
436 1322 543 1354 inveni
578 1321 805 1353 similitudines
839 1332 950 1353 omnes
985 1322 1281 1353 commemorandas
1315 1333 1384 1354 esse
1416 1322 1500 1354 duxi.

220 1389 295 1409 nam
321 1388 392 1408 cum
417 1376 466 1407 illi
492 1387 618 1417 quoque
642 1376 705 1407 loci
726 1375 944 1407 indicarentur
965 1386 1101 1416 quorum
1123 1375 1333 1417 congruentia
1357 1387 1393 1407 eo
1418 1376 1501 1407 vide-

221 1433 311 1462 retur
327 1429 495 1461 referenda
515 1440 584 1460 esse
605 1429 690 1470 quod
718 1428 853 1460 eundem
879 1431 1044 1460 auctorem
1067 1429 1167 1460 secuti
1188 1431 1295 1460 essent
1315 1428 1445 1460 Servius
1469 1431 1502 1460 et

222 1484 380 1524 Isidorus,
405 1494 516 1514 eorum
542 1482 649 1513 studia
674 1482 820 1513 adiuvari
843 1482 999 1522 putabam
1025 1482 1078 1523 qui
1103 1482 1248 1514 fontibus
1274 1482 1434 1524 originum
1454 1482 1499 1513 in-

224 1536 422 1578 vestigandis
443 1547 574 1576 operam
595 1536 716 1567 darent.
750 1535 949 1576 transcripta
969 1546 1038 1566 esse
1059 1535 1099 1567 ab
1115 1535 1240 1568 Isidoro
1257 1536 1358 1568 Servii
1378 1536 1502 1567 scholia

222 1602 286 1622 non
302 1590 376 1631 dixi,
392 1590 452 1621 nisi
469 1590 524 1620 ubi
540 1589 579 1620 ad
595 1600 702 1626 rerum
719 1589 759 1620 ab
775 1591 910 1630 utroque
926 1589 1145 1630 expositarum
1161 1589 1419 1621 convenientiam
1435 1600 1501 1620 ver-

223 1645 338 1675 borum
363 1654 555 1675 consensum
580 1642 728 1674 accedere
753 1642 910 1674 videram:
936 1653 1044 1673 verum
1070 1642 1154 1673 enim
1185 1644 1234 1674 est
1263 1642 1345 1683 quod
1371 1642 1499 1673 Dresse-

224 1698 286 1729 lius
312 1698 344 1728 in
369 1696 641 1728 commentatione
666 1696 703 1727 de
728 1696 845 1727 Isidori
875 1696 1036 1737 originum
1065 1696 1209 1727 fontibus
1238 1695 1346 1727 docuit
1378 1694 1503 1737 (rivista

225 1751 257 1782 di
282 1750 429 1791 filologia
454 1750 515 1780 vol.
540 1749 588 1780 III
619 1761 647 1790 p.
673 1750 766 1790 208),
795 1760 955 1790 perpauca
984 1750 1018 1780 in
1047 1751 1213 1787 auctorum
1242 1749 1348 1780 verbis
1378 1748 1417 1780 ab
1445 1748 1502 1780 Isi-

226 1805 303 1835 doro
329 1806 456 1835 mutata
480 1814 558 1833 esse.
597 1803 669 1843 plus
686 1814 779 1844 quam
797 1803 1042 1844 quadringentis
1064 1805 1170 1833 autem
1194 1803 1273 1834 locis
1298 1802 1325 1833 is
1350 1803 1400 1833 est
1419 1801 1503 1833 inter

227 1858 393 1898 utriusque
419 1856 519 1887 libros
546 1858 577 1887 et
602 1867 711 1887 rerum
732 1859 765 1887 et
789 1857 960 1887 verborum
992 1867 1174 1897 consensus,
1203 1858 1239 1887 ut
1269 1855 1410 1887 dubitari
1438 1866 1504 1886 non

227 1911 332 1952 possit
356 1911 433 1951 quin
459 1909 569 1941 Servio
596 1920 653 1940 sua
678 1909 795 1941 debeat
819 1909 971 1941 Isidorus.
1010 1909 1118 1951 itaque
1144 1909 1243 1940 animi
1277 1919 1373 1940 causa
1401 1908 1504 1950 magis

226 1976 321 2005 quam
349 1964 432 2005 quod
458 1974 524 1994 rem
551 1964 670 1994 certam
700 1973 783 1994 novo
804 1965 994 2004 argumento
1019 1962 1272 1994 confirmandam
1297 1973 1365 1993 esse
1384 1963 1504 2003 putem,
1546 1982 1552 1988 -

227 2018 368 2058 ineptias
394 2017 549 2058 quasdam
575 2016 723 2047 adscribo
749 2016 789 2047 ad
818 2027 897 2058 quas
924 2016 1025 2047 Servii
1051 2016 1183 2047 scholiis
1212 2017 1268 2047 aut
1295 2015 1505 2057 neglegenter

227 2071 384 2112 inspectis
419 2073 474 2102 aut
507 2070 575 2102 sine
609 2069 726 2101 iudicio
761 2069 917 2100 adhibitis
952 2069 1110 2100 Isidorum
1144 2069 1308 2101 devenisse
1341 2069 1504 2110 appareat.

228 2124 327 2155 veluti
346 2124 371 2155 si
389 2124 460 2165 quis
477 2135 520 2154 or.
536 2123 610 2154 XV]
629 2125 659 2164 ὃ,
675 2124 694 2153 3
711 2134 779 2153 cum
798 2122 901 2153 Servii
920 2122 960 2153 ad
975 2122 1054 2154 Aen.
1070 2122 1097 2153 X
1114 2122 1178 2153 653
1194 2122 1316 2154 scholio
1333 2120 1506 2153 contulerit

228 2178 254 2209 is
280 2177 492 2219 crepidinis
519 2187 628 2208 vocem
661 2188 679 2207 a
703 2174 797 2217 pedfe
826 2175 1031 2207 derivandam
1061 2187 1130 2207 esse
1154 2175 1314 2207 Isidorum
1342 2174 1412 2205 inde
1441 2174 1503 2205 sibi

305 2303 329 2334 1)
350 2299 524 2328 Monacensis
544 2299 648 2326 codicis
668 2299 832 2326 testimonio
856 2299 930 2333 quod
955 2298 1027 2325 infra
1050 2299 1188 2333 proferam
1208 2298 1347 2324 Donatum
1370 2305 1427 2323 esse
1447 2306 1505 2330 my-

230 2340 381 2374 thom-aphi
402 2340 541 2367 auctorem
563 2339 705 2373 probatur.
