1690 2611
252 142 301 169 LII
784 142 999 170 PRAEFATIO.

253 227 364 266 aperte
388 224 555 266 professus
587 227 637 256 est
661 237 758 257 unam
782 225 952 258 Fuldensis
976 227 1197 258 membranam
1223 227 1288 259 suis
1309 239 1342 259 se
1366 229 1466 260 oculis
1491 229 1534 261 vi-

253 278 346 310 disse.
386 278 441 310 illo
458 278 543 309 enim
559 278 629 310 loco
646 279 752 310 verbis
769 291 850 321 quae
866 282 941 312 sunt
955 291 1033 320 quae
1052 281 1254 312 benevolentia
1278 305 1284 312 .
1306 307 1312 312 .
1332 307 1339 314 .
1363 284 1390 313 ct
1409 284 1435 313 tc
1444 285 1534 323 pater

253 333 363 372 optimc
389 332 539 363 Teucrum
562 331 642 363 haec
665 332 790 364 addidit
815 333 869 364 ‘ex
893 334 1000 365 codice
1021 333 1172 365 Fuldensi
1191 334 1280 366 cuius
1296 335 1376 377 frag.
1399 335 1532 367 duarum

253 385 447 427 paginarum
480 385 588 417 videre
617 385 741 427 licuit',
775 387 877 418 altero
911 388 1017 419 verbis
1045 388 1104 419 alii
1135 388 1179 419 ita
1205 412 1239 418 ..
1261 413 1267 419 .
1291 389 1434 421 resolvere
1463 390 1535 421 iura

252 439 422 480 praemisit
453 438 506 470 ‘ex
536 450 563 470 v.
595 440 703 471 codice
729 440 860 482 collegii
885 440 1054 472 Fuldensis
1087 442 1176 473 cuius
1207 441 1426 483 fragmentum
1459 443 1534 475 dua-

251 504 322 523 rum
347 503 419 534 pag.
443 503 519 533 prae
545 493 693 524 manibus
716 492 846 525 habui’:
871 494 985 535 quibus
1010 495 1207 526 testimoniis
1232 495 1434 537 intellegitur
1459 497 1535 538 quid

252 546 314 577 sibi
339 546 440 578 velint
470 545 574 577 ‘binio
601 545 787 578 Fuldensis’
819 547 890 588 illa,
919 559 1000 588 quae
1025 548 1058 579 in
1084 548 1186 580 altero
1216 549 1429 589 praefationis
1453 561 1536 581 com-

252 600 411 632 mentario
437 599 576 640 margini
601 599 764 641 adscripta
796 611 865 631 esse
894 600 967 633 dixi.
1005 601 1132 633 videtur
1161 604 1269 633 autem
1294 602 1410 634 Daniel
1436 614 1470 634 ea
1497 604 1535 635 de

253 665 349 685 causa
374 654 407 684 in
432 653 616 684 adornando
642 664 699 685 suo
732 654 905 694 exemplari
931 653 1032 686 Modii
1061 657 1214 696 excerpta
1237 656 1431 698 neglexisse,
1460 657 1536 698 quia

253 707 293 738 ab
319 706 382 738 alio
408 717 441 737 se
466 706 716 747 impetraturum
742 718 811 738 esse
837 707 989 748 sperabat
1014 709 1049 739 ut
1073 707 1241 740 Fuldensis
1267 709 1364 740 codex
1389 712 1477 742 totus
1501 711 1535 741 in

254 771 347 792 suuni
372 771 466 791 usum
491 759 734 791 exscriberetur.
775 771 877 801 neque
905 760 988 792 falsa
1013 772 1069 802 spe
1093 761 1241 793 inductus
1268 764 1324 794 est.
1362 774 1437 795 nam
1462 775 1534 796 cum

253 813 288 844 in
313 824 348 844 eo
374 816 460 844 esset
484 815 519 844 ut
542 824 660 845 novum
687 813 789 845 Servii
816 815 981 855 exemplar
1006 815 1152 846 ederetur
1176 815 1312 848 Iacobus
1332 816 1534 859 Bongarsius

253 867 383 908 plenam
403 865 575 898 Fuldensis
600 867 677 898 libri
693 867 912 899 conlationem
932 880 951 899 a
970 867 1079 900 Marco
1099 868 1236 901 Velsero
1261 872 1293 901 et
1313 869 1409 912 Gasp.
1426 870 1535 913 Sciop-

252 921 307 962 pio
332 921 452 953 factam
478 932 493 952 e
519 920 693 952 Germania
718 921 880 963 adtulit¹)‚
906 933 1002 963 quani
1027 922 1144 953 Daniel
1169 922 1208 954 ad
1233 934 1325 955 suum
1349 926 1534 956 contextum

255 974 443 1016 adaptatam
469 975 502 1006 in
528 975 702 1016 appendice
729 975 837 1007 edidit.

343 1028 538 1060 Fuldensem
563 1028 706 1060 codicem
723 1039 817 1070 quem
834 1028 1005 1070 Scioppius
1023 1029 1165 1061 excussit
1179 1041 1198 1061 a
1214 1029 1401 1062 Cassellano
1421 1033 1532 1064 nostro

254 1093 318 1114 non
342 1082 504 1114 diversum
530 1093 598 1113 esse
624 1084 747 1114 certum
774 1085 831 1114 est.
868 1094 944 1114 nam
969 1094 1050 1124 quae
1076 1082 1246 1125 Scioppius
1271 1084 1305 1115 in
1330 1085 1388 1116 illo
1414 1085 1534 1127 scripta

254 1147 375 1178 quaeve
401 1136 522 1168 omissa
552 1147 620 1167 esse
650 1136 730 1167 dixit
762 1135 874 1167 eadem
902 1136 933 1167 in
963 1136 1024 1168 hoc
1058 1139 1114 1168 aut
1147 1137 1300 1179 leguntur
1329 1140 1385 1170 aut
1414 1138 1537 1171 desunt.

254 1190 332 1221 item
358 1201 495 1232 magnus
521 1192 570 1221 est
594 1190 680 1221 inter
706 1188 932 1221 Cassellanum
957 1192 990 1222 et
1013 1201 1050 1221 ea
1076 1201 1155 1231 quae
1180 1191 1219 1222 de
1239 1192 1377 1234 singulis
1402 1192 1536 1225 Fulden-

255 1244 298 1274 sis
328 1244 403 1275 libri
434 1243 604 1285 scripturis
633 1243 731 1275 homo
757 1243 809 1274 ille
840 1243 952 1275 doctus
982 1244 1120 1285 protulit
1150 1255 1333 1277 consensus.
1371 1247 1537 1278 conficitur

255 1299 364 1328 autem
389 1309 440 1329 res
467 1308 503 1329 eo
529 1297 613 1338 quod
638 1309 719 1339 quae
741 1297 911 1338 Scioppius
937 1297 974 1328 de
995 1298 1185 1329 correcturis
1210 1298 1243 1329 in
1266 1298 1418 1331 Fuldensi
1441 1300 1536 1332 factis

254 1352 286 1382 et
311 1350 348 1381 de
374 1351 610 1392 supplementis
641 1351 833 1393 quibusdam
863 1353 1003 1383 testatus
1032 1353 1081 1383 est
1110 1351 1221 1383 eadem
1251 1352 1285 1383 in
1313 1351 1537 1386 Oassellanum

256 1404 384 1436 cadunt.
423 1404 463 1436 ad
497 1405 577 1436 Aen.
602 1405 616 1436 I
643 1405 684 1436 152
718 1404 760 1448 (p.
790 1405 842 1446 16,
869 1404 924 1447 13)
958 1405 992 1436 in
1027 1404 1218 1437 Oassellano
1253 1417 1271 1437 a
1303 1407 1408 1448 prima
1440 1419 1536 1440 manu

253 1460 341 1489 recte
367 1458 522 1500 scriptum
549 1461 597 1489 est
621 1458 724 1498 Scipio
750 1459 961 1497 Aemilianus,
991 1461 1152 1491 corrector
1180 1459 1282 1500 ipsius
1308 1459 1410 1492 Servii
1434 1461 1535 1493 libros

255 1513 382 1542 secutus
416 1522 459 1542 an
493 1511 620 1543 litteras
661 1511 794 1543 delevit:
837 1511 1006 1553 Scioppius
1045 1511 1238 1544 Fuldensem
1271 1513 1391 1546 habere
1425 1514 1536 1547 docuit

254 1563 378 1606 ‘Scipio
404 1564 563 1596 Aemilius
588 1567 663 1597 ante
689 1565 916 1597 Aemilianus'.
955 1565 1034 1597 Aen.
1058 1566 1073 1596 I
1100 1567 1115 1598 1
1143 1565 1185 1609 (p.
1211 1567 1245 1608 6,
1271 1566 1304 1609 7)
1328 1567 1360 1599 in
1385 1570 1536 1600 contextu

258 1617 376 1650 Daniel
402 1618 501 1650 edidit
520 1619 627 1659 copiis,
657 1619 690 1650 in
719 1619 894 1660 appendice
923 1619 960 1650 de
989 1618 1143 1651 Fuldensi
1171 1619 1251 1651 haec
1280 1620 1433 1653 adnotata
1462 1624 1537 1653 sunt

255 1672 349 1704 ‘ante
375 1684 486 1704 vocem
510 1673 605 1713 copiis
629 1673 717 1704 addit
741 1672 861 1705 corz'is':
886 1674 916 1704 in
939 1672 1125 1705 Cassellano
1145 1674 1250 1714 prima
1274 1685 1388 1706 manus
1413 1675 1446 1706 in
1466 1675 1536 1716 ipsa

254 1726 341 1758 linea
366 1726 498 1767 scripsit
521 1727 625 1768 coriis,
649 1727 738 1768 prior
763 1728 925 1758 corrector
950 1738 1048 1768 supra
1074 1738 1200 1759 versum
1226 1728 1320 1768 copiis
1344 1728 1389 1759 sic
1413 1729 1537 1761 addidit

222 1809 226 1812 .
254 1782 290 1811 ut
328 1791 393 1811 non
433 1791 532 1821 supra
574 1781 667 1812 coriis
706 1780 759 1811 sed
804 1791 902 1821 supra
944 1780 1167 1822 insequentem
1211 1792 1322 1812 vocem
1364 1784 1537 1823 poneretur

254 1860 366 1902 (coriis
392 1838 535 1899 tilliilicis).
572 1859 623 1891 his
653 1860 735 1891 addo
757 1871 821 1891 uon
846 1860 937 1891 nulla
959 1860 1101 1902 Scioppii
1123 1861 1309 1893 testimonia
1325 1872 1405 1902 quae
1425 1864 1535 1903 aperte

255 1925 271 1945 e
296 1913 489 1945 correcturis
514 1914 547 1944 in
572 1912 761 1944 Gassellano
786 1913 880 1944 factis
906 1916 979 1945 orta
1004 1916 1087 1946 sunt.
1125 1915 1205 1946 Aen.
1229 1914 1243 1945 I
1265 1915 1326 1946 149
1352 1913 1396 1956 (p.
1412 1916 1463 1956 63,
1478 1914 1535 1957 23)

255 1979 312 2008 pro
336 1978 429 2007 eaque
444 1966 651 1999 Cassellanus
677 1967 776 1998 habet
799 1977 911 2007 aquae,
936 1967 986 1999 eui
1012 1970 1173 2000 corrector
1193 1979 1207 2000 c
1223 1969 1460 2010 superscripsit,
1480 1968 1535 2000 scd

256 2091 265 2116 1
288 2094 318 2117 13
341 2091 389 2116 ‘vx
410 2091 578 2124 transcripto
598 2091 676 2117 Fuld.
698 2090 758 2117 cod.
793 2090 900 2117 Ostiam
924 2099 988 2118 vero
1015 2091 1088 2118 ideo’
1117 2101 1139 2119 e.
1165 2101 1191 2126 q.
1212 2101 1232 2118 s.
1262 2093 1273 2118 Ι
1293 2095 1326 2119 38
1352 2092 1396 2118 ‘ex
1420 2093 1534 2118 transcr.

254 2141 278 2158 v.
300 2131 358 2158 cod.
381 2131 443 2158 coll.
465 2131 543 2158 Fuld.
565 2141 720 2157 ‘raven-mvn
740 2140 782 2157 Αν.
809 2141 867 2157 REG.
901 2130 970 2157 Mire
991 2131 1114 2159 Aeneam
1134 2132 1225 2159 noluit
1243 2131 1396 2159 nominare’
1423 2140 1446 2158 c.
1466 2140 1491 2165 q.
1513 2140 1532 2158 S.

346 2172 371 2203 l)
391 2170 545 2204 Bougarsio
565 2171 683 2205 rogante
708 2171 831 2197 Marcum
854 2170 1010 2205 Velserum,
1036 2172 1159 2199 nobilem
1179 2173 1384 2207 Augustanum‚
1404 2171 1534 2198 interces-

256 2211 323 2238 sisse
350 2212 432 2245 puto,
460 2212 490 2237 ut
510 2211 657 2245 Scioppius
682 2210 849 2237 Fuldcnscm
875 2211 976 2238 librum
1002 2212 1183 2245 exscriberet3
1212 2220 1275 2238 nam
1305 2211 1395 2245 ipsum
1421 2220 1482 2237 eum
1507 2211 1535 2237 iu

255 2251 422 2278 conferendo
443 2250 536 2277 codice
564 2251 687 2276 adfuisse
718 2251 774 2277 veri
805 2259 858 2277 nou
888 2253 931 2278 est
960 2251 1058 2279 similo.
1093 2252 1165 2278 inter
1191 2251 1323 2286 epistolas
1348 2259 1409 2277 cum
1434 2251 1534 2277 ceteris

255 2292 313 2318 cius
335 2291 413 2317 libris
435 2291 636 2325 Norimbs-rgae
657 2300 680 2317 a.
704 2294 770 2317 11382
791 2290 882 2317 editas
902 2292 980 2318 nulla
1005 2293 1048 2318 est
1072 2293 1107 2318 ad
1127 2291 1271 2318 Danielem
1292 2291 1404 2325 scripta.
1439 2291 1533 2325 Sciop-

256 2331 317 2365 pius
337 2332 432 2358 autem
453 2332 517 2357 ante
538 2339 640 2356 annum
664 2334 739 2363 1597,
765 2340 847 2365 quem
868 2331 931 2358 libri
952 2332 984 2359 de
1005 2334 1065 2358 arte
1085 2332 1183 2358 critica
1201 2331 1368 2365 praefationi
1387 2331 1534 2358 Altodorfii

256 2370 430 2404 subscripsit,
450 2369 572 2397 codicem
594 2372 729 2397 tractasse
751 2371 868 2397 videtur.
