1690 2611
487 98 599 125 COMM.
619 99 659 125 IN
678 99 786 126 VERG.
805 99 888 126 AEN.
908 100 941 126 Π.
962 103 1110 127 559—598.
1370 101 1434 132 305

155 179 256 209 ictum
279 179 477 220 minabatur,
502 191 583 221 quae
607 180 640 211 in
663 180 785 221 templo
801 180 920 212 Vestae
941 182 1050 213 stabat
1071 184 1193 214 ornata.
1230 184 1267 214 ut
1291 182 1376 214 enim
1400 183 1434 214 in

155 231 261 272 primo
286 232 349 272 <1>
373 233 525 274 diximus,
557 233 683 274 aliquos
707 233 783 265 hinc
806 245 917 265 versus
943 238 1070 266 constat
1095 247 1163 267 esse
1188 236 1348 277 sublatos,
1376 247 1434 267 nec

155 283 315 316 inmerito.
361 297 437 317 nam
466 288 498 318 et
526 289 619 327 turpe
648 288 697 317 est
725 287 794 318 viro
825 287 903 318 forti
932 290 1046 319 contra
1076 288 1230 320 feminam
1260 289 1371 330 irasci,
1402 292 1434 321 et

157 339 355 370 contrarium
389 342 438 370 est
465 339 623 370 Helenam
651 339 685 370 in
713 339 808 371 domo
837 340 960 371 Priami
988 341 1089 372 fuisse
1120 342 1170 373 illi
1201 343 1261 382 rei,
1291 354 1371 383 quae
1401 343 1432 374 in

156 393 246 422 sexto
271 392 377 433 <495>
402 392 531 433 dicitur,
556 393 631 434 quia
654 393 687 423 in
712 393 806 424 domo
832 396 880 425 est
904 394 1035 425 inventa
1058 394 1234 435 Deiphobi,
1259 398 1433 437 postquam
1453 405 1467 428 5

157 454 194 475 ex
220 456 345 476 summa
370 457 441 477 arce
465 448 637 477 vocaverat
662 446 811 478 Graecos.
856 447 932 478 hinc
963 450 1072 479 autem
1095 459 1207 479 versus
1233 460 1302 480 esse
1327 450 1432 480 subla-

154 499 220 538 tos,
248 497 383 530 Veneris
416 499 515 531 verba
542 499 707 531 declarant
741 500 878 531 dicentis
908 500 1014 541 <601>
1044 500 1124 532 ‘non
1152 502 1213 532 tibi
1242 501 1432 543 Tyndaridis

154 550 252 582 facies
276 551 380 584 invisa
403 552 593 584 Lacaenae'.

244 605 317 636 593.
353 614 464 638 ROSEO
497 605 643 646 pulchro.
693 608 885 648 perpetuum
919 607 1086 647 epitheton
1119 607 1260 639 Veneris.
1306 609 1433 648 quidam

154 658 386 698 reprehendunt,
410 669 472 690 non
495 660 664 691 convenisse
687 660 720 691 in
744 661 838 691 ruina
861 663 889 691 et
911 661 1003 691 exitio
1027 661 1159 692 civitatis
1184 661 1326 693 Venerem
1349 673 1432 694 roseo
1453 672 1485 694 10

154 720 205 742 ore
229 711 311 751 loqui
333 722 401 743 enm
425 713 503 752 filio,
526 713 702 753 ignorantes
724 713 778 744 7200
801 713 950 753 epitheton
976 714 1084 745 Veneri
1108 725 1168 746 esse
1185 718 1374 755 perpetuum.

153 772 303 795 INSVPER
328 776 436 806 super,
461 766 545 807 quod
570 767 773 798 continuerat
796 777 873 798 enm.

242 818 315 850 594.
353 827 546 850 INDOMITAS
570 830 705 860 magnas
734 830 823 851 mene.
870 823 897 851 et
921 820 1019 860 ‘quis’
1048 832 1107 852 non
1137 822 1217 853 nulli
1245 822 1433 855 admirantis

153 870 258 901 volunt
280 881 353 912 esse,
376 882 439 903 non
462 873 688 913 interroyante's.

243 924 315 956 595.
354 934 438 962 QVID
468 933 568 957 FVRIS
599 929 655 957 ant
687 927 761 967 quia
791 927 880 958 furor
911 929 960 958 est
992 928 1097 959 virum
1127 928 1247 960 fortem
1277 940 1369 960 ruere
1399 930 1433 961 in
1454 938 1484 961 15

154 977 298 1008 mulieris
322 978 504 1010 interitum:
528 982 583 1010 aut
606 979 693 1019 ‘quid
712 979 816 1019 fmis’,
844 991 911 1011 eum
935 982 1081 1012 extinctos
1103 983 1198 1013 socios
1220 983 1336 1023 videas,
1360 984 1433 1015 velle

148 1040 297 1070 Zau-qnare.
343 1034 371 1062 et
393 1031 467 1063 bono
491 1032 576 1063 verbo
599 1043 674 1064 usus
697 1035 750 1069 est,
779 1034 881 1064 virum
904 1034 1013 1073 fortem
1037 1045 1056 1065 a
1074 1036 1192 1074 proelio
1216 1047 1364 1067 revocans.

154 1071 280 1114 ivos'rm
309 1092 398 1114 CVRA
430 1086 462 1115 et
492 1085 553 1116 hoc
583 1085 669 1123 loco,
700 1088 736 1116 ut
765 1087 860 1127 solet,
891 1098 988 1117 unam
1018 1098 1051 1118 se
1081 1087 1120 1119 de
1148 1088 1277 1120 Aeneae
1305 1090 1432 1121 familia

153 1136 243 1167 facit:
272 1138 308 1167 ut
333 1136 478 1177 (1251)
507 1138 618 1169 unius
648 1139 692 1169 ob
721 1139 817 1170 iram
845 1140 1051 1180 prodimur.
1100 1140 1236 1172 ‘nostri'
1262 1144 1370 1174 autem
1400 1146 1432 1174 et

153 1188 285 1220 ‘vestri'
310 1190 477 1230 genetivus
501 1190 635 1231 pluralis
662 1193 711 1222 est
736 1192 887 1233 antiquus
913 1195 945 1224 et
970 1204 1007 1224 ex
1030 1193 1153 1225 Graeco
1178 1196 1322 1236 veniens,
1347 1196 1429 1227 sicut
1450 1204 1482 1227 20

153 1242 328 1283 singularis
353 1245 402 1274 est
427 1242 511 1274 ‘mis'
537 1246 569 1275 et
593 1243 667 1276 ‘tisz
705 1256 769 1276 non
790 1248 838 1276 est
858 1248 966 1277 autem
991 1248 1221 1287 possessivum,
1246 1249 1302 1279 sed
1327 1249 1366 1280 ab
1394 1261 1430 1281 eo

152 1295 236 1336 quod
265 1298 314 1327 est
343 1295 443 1337 ‘nos',
472 1298 504 1328 et
532 1296 594 1329 hoc
623 1300 672 1329 est
701 1298 785 1329 unde
814 1299 947 1331 dicimus
974 1299 1093 1332 ‘nostri
1119 1312 1215 1332 causa
1238 1301 1341 1343 facit',
1369 1303 1430 1334 hoc

152 1350 201 1379 est
225 1348 414 1381 ‘nostrum'.

241 1402 313 1433 597.
352 1411 505 1433 SVPERET
530 1404 727 1444 supervivat,
751 1406 889 1444 supersit.

240 1454 313 1486 598.
350 1464 588 1494 ASCANIVSQVE
618 1466 709 1488 PVER
738 1457 836 1496 filius,
865 1461 901 1489 ut
930 1459 999 1499 <IV
1023 1460 1087 1500 94>
1116 1463 1231 1502 tuque
1260 1473 1428 1504 puerque
1449 1470 1482 1493 25

224 1571 255 1595 19
275 1569 363 1595 nostri
383 1570 476 1596 autem
496 1571 524 1596 et
542 1571 626 1596 vestri
646 1579 668 1597 e.
685 1581 709 1604 q.
726 1572 758 1606 s.]
780 1572 813 1598 cf.
831 1572 937 1599 Genius
956 1573 1006 1599 XX
1021 1578 1036 1600 6
1057 1575 1085 1600 et
1100 1575 1175 1601 Serv.
1196 1584 1294 1602 comm.
1315 1576 1343 1602 in
1359 1577 1427 1604 Don.

150 1613 176 1637 p.
197 1607 257 1637 410,
276 1608 318 1631 35.
348 1608 407 1638 436,
428 1608 451 1632 5.
482 1608 540 1638 502,
561 1609 575 1631 3
592 1606 624 1633 K.

149 1710 236 1736 bonas
255 1711 348 1744 partes
368 1711 483 1737 deduxit
501 1711 588 1738 Lione
607 1715 669 1739 teste
688 1714 750 1739 add.
772 1713 907 1746 Guelferb.
924 1715 945 1739 Ι
957 1716 966 1747 ΙΙ
980 1724 1153 1741 Ρ11Α11113113ν11
1174 1716 1197 1742 C
1202 1717 1239 1742 M
1250 1718 1259 1750 ss
1273 1727 1426 1744 pnmsusxm

150 1745 194 1779 ea]
215 1745 322 1771 Posteri
340 1746 366 1771 L
385 1748 417 1779 (ν.
439 1755 471 1772 ea
490 1747 509 1780 l)
523 1748 532 1780 ΙΙ
551 1748 617 1782 qua]
638 1748 704 1781 quia
725 1749 747 1774 C
773 1756 846 1782 qu3a
864 1749 889 1774 L
903 1751 912 1783 Η
931 1750 1017 1776 ictum
1037 1751 1153 1777 helenae
1175 1751 1197 1777 O
1215 1753 1224 1785 ΙΙ
1250 1757 1261 1778 1
1282 1752 1425 1784 minaban7

149 1781 194 1815 tur
214 1781 247 1806 H
271 1780 447 1809 minabaitur
466 1782 492 1807 L
520 1783 647 1809 minabat
667 1784 720 1810 Me
743 1785 751 1817 ΙΙ
775 1786 882 1810 uestam
903 1785 935 1810 H
955 1786 964 1819 ΙΙ
992 1786 1117 1817 ipstabat
1136 1787 1161 1812 L
1185 1788 1194 1820 ΙῙ
1221 1789 1252 1813 ut
1272 1788 1346 1814 enim
1367 1810 1372 1814 .
1393 1810 1398 1814 .
1420 1810 1425 1815 .

150 1815 286 1849 sublatos]
313 1817 344 1842 ut
364 1817 436 1842 enim
456 1817 562 1844 dictum
581 1820 624 1844 est
646 1827 741 1845 versus
766 1820 829 1846 illos
854 1820 902 1853 qui
926 1822 1049 1854 superius
1072 1822 1161 1848 notati
1186 1824 1250 1848 sunt
1273 1823 1338 1850 hinc
1361 1833 1425 1850 con-

150 1851 207 1876 stat
225 1859 282 1877 esse
302 1852 426 1878 sublatos
447 1852 470 1878 O
481 1854 489 1886 ΙΙ
504 1856 519 1878 2
540 1854 665 1880 sublatus
684 1855 714 1880 H
727 1856 736 1888 ΙΙ
751 1858 765 1880 5
786 1864 920 1888 posquam
939 1856 964 1881 L
978 1858 987 1890 ΙΙ
1003 1861 1017 1883 6
1036 1865 1130 1883 uersos
1144 1858 1170 1883 L
1189 1859 1267 1890 (corr.
1284 1860 1303 1892 l)
1318 1860 1326 1892 [Ι
1340 1859 1425 1885 fuisse

151 1885 174 1912 G
185 1886 193 1919 Η
208 1886 325 1912 sublatis
345 1887 378 1912 Η
392 1888 401 1920 ΙΙ
421 1891 434 1914 7
456 1888 599 1915 declarant
619 1889 703 1916 CHZ:
732 1890 856 1917 declarat
874 1891 899 1916 L
927 1894 1084 1919 monstrant
1105 1893 1175 1919 ME
1191 1894 1200 1927 ΙΙ
1223 1894 1385 1928 tyndarides
1406 1895 1428 1920 C

148 1921 292 1954 tynriridis
311 1922 336 1947 L
356 1923 433 1956 (corr.
455 1924 473 1955 Z)
493 1924 502 1956 l}
521 1927 536 1950 8
556 1924 694 1951 lacaenae.
733 1934 797 1952 sane
817 1926 931 1959 quidam
951 1948 956 1952 .
978 1949 983 1954 .
1005 1949 1009 1954 .
1031 1937 1126 1955 Anam.
1166 1939 1247 1955 nosno
1267 1929 1383 1963 pulchro
1405 1930 1427 1956 G

149 1957 183 1988 cf.
204 1957 240 1982 acl
258 1965 281 1983 v.
303 1960 351 1983 601
372 1958 381 1990 ΙΙ
404 1961 419 1983 9
440 1959 476 1984 ad
494 1967 518 1984 v.
539 1963 587 1985 593
608 1960 735 1995 Insuper]
756 1970 849 1995 super,
871 1963 945 1995 quod
965 1962 1141 1990 continuerat
1160 1972 1230 1991 eum.
1252 1965 1279 1990 P
1298 1966 1307 1999 ΙῙ
1328 1974 1424 1999 perpe-

149 1993 227 2017 tuum
252 1992 397 2025 epitheton
416 1993 531 2020 Veneris
550 2003 599 2021 om.
620 1995 643 2021 C
663 1997 672 2029 ΙΙ
701 1999 733 2022 13
759 1999 786 2023 et
806 1997 866 2030 quis
887 2019 892 2024 .
914 2018 919 2024 .
941 2019 946 2024 .
966 1998 1163 2033 interrogantis
1185 2000 1340 2026 Muscim'us
1358 2001 1424 2034 quid

148 2027 267 2053 scribens
288 2036 339 2060 pro
359 2027 419 2061 quis
442 2031 502 2061 post
520 2038 653 2056 revocans
673 2032 731 2063 (lin.
754 2034 798 2064 17)
818 2033 963 2059 collocavit.
987 2034 996 2067 ΙΙ
1026 2037 1057 2060 15
1078 2036 1114 2061 ad
1132 2043 1155 2061 v.
1177 2038 1227 2061 595
1253 2035 1324 2067 Quid
1343 2036 1423 2070 furis]

147 2061 225 2088 furor
244 2063 317 2089 enim
336 2064 459 2089 uirorum
479 2066 527 2092 est.
567 2065 676 2092 ‘nostri’
699 2068 791 2092 autem
811 2069 839 2093 et
860 2068 966 2094 ‘uestri’
988 2069 1106 2103 genitiui
1127 2070 1249 2103 plurales
1269 2072 1334 2098 sunt
1352 2071 1423 2098 anti-

148 2098 209 2131 qui,
229 2106 262 2124 ex
280 2098 388 2132 graecis
408 2099 564 2133 uenientes,
584 2101 656 2127 sicut
675 2102 822 2136 singularis
843 2104 885 2128 est
906 2103 982 2129 ‘mis’
1004 2105 1032 2130 et
1053 2105 1122 2132 ‘tis’,
1155 2114 1210 2132 11011
1230 2108 1272 2132 est
1290 2107 1423 2140 possessi-

148 2142 227 2166 uum‚
247 2134 295 2159 sed
314 2142 331 2160 a
352 2134 424 2160 ‘nos’
445 2135 534 2167 uenit,
554 2137 585 2162 ut
604 2136 721 2163 dicimus
742 2137 842 2163 ‘nostri
856 2146 940 2165 causa
955 2139 1044 2173 facit’,
1064 2140 1118 2167 hoc
1138 2142 1180 2167 est
1201 2141 1358 2169 ‘nostrum'.
1376 2142 1404 2167 P
1416 2142 1424 2176 11

147 2168 224 2195 furor
243 2170 286 2194 est
306 2169 357 2195 CL
385 2169 506 2196 furorem
525 2171 558 2196 H
588 2171 687 2198 furoris
707 2173 749 2198 est
768 2173 838 2199 ME
859 2174 868 2207 ΙΙ
897 2177 929 2199 16
948 2175 1063 2206 fortasse
1087 2185 1149 2202 cum
1173 2176 1309 2203 extinctos
1333 2177 1422 2203 socios

147 2204 244 2230 videns
259 2204 329 2231 velis
344 2214 474 2238 pugnare.
491 2207 499 2239 ΙΙ
513 2206 591 2236 uides
607 2209 724 2233 enotavit
739 2208 884 2241 Scioppius
898 2210 907 2242 H
922 2212 955 2235 20
970 2211 1092 2244 antiquis
1107 2212 1132 2237 L
1147 2213 1226 2245 (corr.
1240 2213 1260 2246 Ζ)
1274 2215 1282 2245 ΙΙ
1297 2212 1421 2245 veniens]

148 2239 316 2265 descendens
338 2240 374 2266 M
390 2242 399 2274 ΙΙ
418 2244 450 2266 21
471 2241 524 2267 mis
543 2250 576 2267 ear
594 2242 661 2268 miss
682 2243 705 2269 C
729 2243 791 2278 mil*³
810 2244 843 2269 Η
858 2245 866 2277 ΙΙ
885 2245 973 2271 habeo
994 2246 1017 2271 C
1032 2247 1041 2279 Η
1063 2250 1095 2272 22
1114 2255 1165 2273 1103
1184 2255 1233 2273 om.
1254 2248 1287 2273 Η
1302 2250 1310 2281 ΙΙ
1334 2251 1367 2273 24
1387 2249 1423 2273 ad

147 2283 170 2343 τί.
191 2275 391 2343 59YDSuperet]
413 2276 539 2310 supersit.
561 2277 588 2302 P
602 2278 611 2310 Η
633 2287 746 2304 stanT
765 2288 797 2304 ei·
817 2288 942 2313 SVPERAT‚
964 2283 995 2306 nt
1012 2282 1132 2314 videtur,
1151 2282 1177 2308 L
1195 2284 1203 2316 ΙΙ
1225 2283 1380 2316 superuiuit
1397 2283 1423 2308 L

159 2317 226 2336 corr.

202 2357 277 2377 Servii
290 2364 369 2378 comm.
384 2360 436 2380 Vol.
452 2361 471 2380 1.
485 2361 550 2381 Fasc.
564 2361 582 2380 1.
1176 2365 1208 2387 20
