1690 2611
197 670 229 693 10

198 938 229 961 15

198 1207 231 1230 20

245 94 309 125 576
821 94 940 121 SERVII

335 177 408 208 646:
446 185 649 208 FVRIBVNDA
673 176 793 208 furenti
817 177 942 209 similis.
978 187 1053 208 saue
1070 177 1198 217 quidam
1215 179 1327 219 volunt,
1353 179 1521 220 Veoyilium

246 231 354 270 ubique
384 229 520 261 Didonis
550 232 707 270 tamquam
737 231 914 270 flaminicae
942 230 1043 270 faeere
1073 232 1269 263 meutieuem:
1299 234 1384 273 apud
1413 236 1523 265 veteres

245 286 347 315 autem-
373 284 567 323 flammicam
594 284 694 315 scalas
720 284 794 324 plus
822 284 919 315 tribus
949 284 1097 325 ,aradibus
1125 285 1188 316 uisi
1219 285 1354 318 Graecas
1376 285 1523 319 'scandere

246 348 308 369 uon
332 338 450 376 licebat,
481 349 518 369 ue
540 338 606 369 ulla
633 348 712 378 pars
738 339 851 378 pedum
882 338 946 369 eius
976 348 1136 370 erurumve
1165 339 1266 370 subter
1296 341 1522 381 conspiceretur,

247 403 336 432 eoque
358 402 411 423 nec
428 392 573 432 pluribus
599 392 747 432 yradibus
775 393 827 423 sed
854 392 962 428 tribus,
993 394 1027 423 ut
1058 392 1092 423 iu
1121 402 1248 424 ascensu
1278 393 1409 433 duplices
1436 395 1524 426 uisus

246 457 307 478 nou
326 448 507 486 paterentur
530 446 633 478 extolli
655 448 762 477 vestem
791 448 846 476 aut
869 446 984 477 nudari
1007 456 1107 477 crura.
1153 457 1228 478 uam
1251 447 1316 478 ideo
1339 449 1367 478 et
1390 446 1525 479 Graecae

246 500 346 531 scalae
369 499 532 540 eliquutur,
555 501 628 540 quia
655 501 697 531 ita
719 500 924 540 fabricantur,
948 502 982 530 ut
1005 500 1090 531 omni
1112 510 1149 532 ex
1166 503 1258 541 parte
1280 501 1455 541 compayiue
1479 504 1524 533 ta-

247 554 391 585 bularum
419 553 541 584 clausae
567 554 643 594 sint,
677 565 712 585 ue
741 555 893 593 aspectum
921 553 964 584 ad
995 554 1130 593 eorporis
1161 554 1300 594 aliquam
1325 557 1445 595 partem
1472 556 1524 587 ad-

247 608 380 638 mittant.
425 609 453 638 et
475 607 629 638 sciendum
657 607 760 647 siquid
781 606 978 638 eaeremoniis
1001 617 1063 637 uon
1084 607 1182 646 fuerit
1203 608 1399 650 observatum,
1417 609 1525 649 piacu-

249 662 312 694 lum
345 661 476 692 admitti.
532 660 580 692 hic
609 663 710 692 stlitem
737 660 900 701 piaculum
933 661 1119 701 admittitur,
1152 662 1233 701 quod
1264 662 1333 702 ipsa
1365 661 1449 693 Dido
1481 663 1527 694 ait

249 715 353 747 ‘saera
379 715 447 747 Iovi
470 713 591 755 Styyio’
616 717 644 745 et
666 714 802 753 reliqua:
831 724 906 745 uam
929 715 957 745 et
979 723 1075 754 supra
1102 714 1149 745 ait
1172 714 1280 755 <493>
1304 714 1455 756 ‘mayicas
1478 717 1525 748 in-

248 767 355 801 vitam’
380 771 408 800 et
425 769 552 808 reliqua.
590 767 643 799 hoe
666 777 734 798 vero
755 767 815 798 loeo
829 767 954 807 plenius
973 778 1040 798 eam
1058 768 1235 808 flaminicae
1254 769 1350 800 ritum
1369 771 1527 802 excessisse

249 823 391 863 declarat,
414 822 467 853 ubi
490 823 524 853 de
544 821 693 862 gradibus
717 821 851 861 loquitur
874 821 975 852 diceus
1003 820 1168 852 ‘interiora
1191 821 1313 853 domus’
1341 825 1370 853 et
1391 823 1526 864 reliqua:

249 887 344 917 neque
366 877 447 908 euim
466 878 565 916 potest
587 886 648 907 esse
677 875 776 906 altum
804 876 885 915 quod
902 875 1008 906 tribus
1037 877 1157 906 tautum
1181 876 1330 917 yradibus
1357 878 1526 909 conscendi-

251 934 317 962 tur:
342 931 422 962 uude
444 932 573 970 apparet
589 930 697 970 plures
717 929 834 969 aradus
857 939 878 960 a
902 929 997 960 tribus
1018 929 1123 968 fluisse,
1141 931 1223 970 quod
1234 931 1359 971 plenius
1377 931 1412 962 de
1430 931 1527 963 Auria

249 985 408 1017 subiunxit
431 984 539 1025 <685>
566 983 625 1016 ‘sic
648 983 742 1023 effata
762 983 880 1023 yradus
903 986 1038 1014 evaserat
1056 983 1160 1015 altos’.

340 1039 412 1070 647.
451 1046 523 1069 NON
547 1046 613 1069 Hos
639 1046 838 1075 QVAESITVM
868 1046 984 1068 MVNVS
1014 1046 1049 1068 IN
1077 1046 1160 1069 vsvs
1185 1048 1279 1079 quem
1308 1038 1433 1070 Aeneas
1462 1050 1527 1071 non

251 1093 290 1124 ad
314 1093 399 1124 hunc
430 1103 523 1123 usum
554 1091 741 1132 reliquerat:
774 1093 818 1132 et,
849 1093 885 1122 ut
917 1102 1014 1132 supra
1039 1090 1145 1132 <496>
1171 1091 1322 1133 diximus,
1354 1092 1526 1124 secundum

251 1146 428 1178 Homerum
454 1145 590 1177 vertitur
614 1156 728 1176 munus
760 1145 792 1176 in
820 1144 1002 1186 perniciem.
1050 1144 1116 1176 tale
1146 1146 1195 1175 est
1222 1145 1255 1176 in
1284 1145 1437 1177 bucolicis
1461 1145 1527 1186 <IX

252 1201 292 1241 6>
317 1200 385 1231 hos
409 1199 485 1240 illi,
510 1199 607 1240 quod
631 1209 698 1230 nec
721 1199 815 1229 bene
840 1199 981 1239 vertat,
1004 1198 1196 1230 mittimus
1220 1197 1371 1232 haedos.

340 1254 413 1285 648.
456 1266 562 1285 creas
583 1252 715 1284 cubandi
738 1253 835 1284 locum
859 1252 946 1283 dixit.

340 1307 411 1340 649.
441 1316 485 1338 ET
509 1315 629 1338 ΜΕΝΤΕ
655 1306 798 1338 consilio.

341 1361 413 1392 651.
452 1369 613 1398 DEVSQVE
639 1369 810 1392 SINEBANT
845 1362 901 1391 aut
929 1360 1076 1401 Iuppiter
1104 1361 1158 1402 qui
1188 1361 1331 1392 Aeneam
1360 1362 1528 1395 abscedere

252 1415 408 1456 conpulit:
435 1416 491 1445 aut
515 1425 615 1455 amor,
640 1415 695 1445 aut
714 1413 890 1445 necessitas
916 1414 984 1445 fati.

343 1468 415 1499 653.
452 1477 527 1499 VIXI
553 1470 684 1499 excusat
708 1467 795 1499 vitae
820 1467 1060 1508 abruptionem,
1085 1468 1160 1508 quia
1188 1468 1267 1500 dicit
1290 1468 1382 1500 Plato
1411 1479 1529 1511 magna

252 1533 357 1563 poena
381 1521 472 1553 adfici
498 1521 622 1553 animas
647 1532 757 1552 eorum
783 1521 837 1562 qui
861 1521 963 1553 vitam
988 1523 1061 1552 ante
1090 1524 1216 1563 tempus
1246 1522 1440 1564 relinquunt.

253 1585 294 1607 ΕΤ
316 1584 411 1613 QVEM
432 1584 597 1606 DEDERAT
620 1584 755 1607 cvnsvm
776 1584 940 1606 FORTVNA
962 1584 1088 1606 venem
1112 1586 1176 1607 non
1196 1577 1321 1617 natura,
1340 1587 1398 1608 nec
1417 1576 1528 1608 fatum.

252 1630 357 1661 tribus
382 1630 466 1661 enim
497 1629 639 1660 humana
669 1629 735 1660 vita
764 1629 960 1660 continetur:
989 1631 1120 1670 natura,
1149 1630 1198 1661 cui
1227 1630 1313 1661 ultra
1341 1632 1468 1662 centum
1499 1632 1530 1662 et

254 1684 371 1725 viginti
402 1683 591 1714 solstitiales
624 1694 724 1714 annos
756 1693 941 1714 eoncessum
974 1694 1038 1714 non
1070 1686 1131 1724 est3
1164 1683 1240 1724 fato,
1271 1684 1322 1715 cui
1353 1684 1532 1726 nonaginta

327 1783 338 1805 1
365 1788 429 1806 sane
454 1779 567 1813 quidam
592 1779 689 1805 volunt
709 1788 731 1806 e.
751 1788 776 1812 q.
797 1779 830 1813 3.]
857 1779 890 1805 cf.
911 1778 982 1805 G.ell
1003 1779 1025 1805 X
1049 1782 1088 1812 15,
1109 1782 1142 1806 29
1162 1789 1191 1813 sq
1225 1781 1234 1813 ΙΙ
1264 1783 1294 1806 17
1320 1789 1401 1813 quem
1423 1782 1530 1808 Aeneas

254 1824 276 1842 e.
297 1824 321 1849 q.
344 1816 376 1850 s]
398 1816 430 1841 cf.
452 1816 520 1842 Don
542 1816 575 1841 ad
597 1815 658 1841 Ter.
679 1815 721 1841 ad.
744 1815 765 1840 11
784 1818 806 1848 1,
822 1815 925 1848 371121
948 1814 1039 1841 cubile
1060 1789 1191 1842 cubandiq
1196 1802 1289 1842 locum
1309 1815 1391 1851 dixit]
1413 1817 1445 1844 cf.
1466 1816 1541 1844 18111.Δ

253 1859 290 1878 or.
313 1851 361 1877 XV
377 1854 401 1884 3,
417 1854 432 1877 9
453 1851 481 1877 et
502 1851 550 1877 XX
568 1854 608 1884 11,
624 1853 638 1876 2
654 1852 710 1884 1128
731 1836 818 1876 tribu's
839 1850 911 1877 enim
996 1859 1027 1876 ex
1048 1851 1125 1885 casu]
1146 1860 1230 1878 exscr
1252 1851 1388 1886 mythogr.
1405 1852 1530 1885 1119,10

327 1944 338 1966 1
360 1950 511 1966 rvmnanA
531 1940 634 1966 furenti
654 1940 751 1966 similis
771 1949 836 1966 sane
852 1940 964 1973 quidam
981 1961 985 1966 .
999 1962 1002 1966 .
1018 1961 1022 1966 .
1038 1940 1077 1966 sie
1095 1940 1179 1966 effata
1193 1941 1295 1974 gradus
1310 1943 1438 1967 euaserat
1457 1941 1529 1968 altos

253 1977 284 2002 in
303 1985 386 2009 mara.
407 1985 466 2009 sup.
492 1976 534 2009 ΤΙΙ
549 1979 563 2002 2
584 1976 658 2009 apud
679 1978 786 2001 veteres
806 1975 974 2001 flaminicam
995 1998 1000 2002 .
1019 1997 1023 2002 .
1041 1997 1045 2001 .
1066 1977 1193 2002 euaserat
1211 1976 1284 2003 altos
1303 1977 1363 2003 hab.
1384 1977 1506 2003 Ambros.
1529 1978 1530 2006 l

254 2016 269 2038 3
290 2012 395 2045 autem]
416 2013 465 2037 aut
485 2011 514 2037 F
535 2013 543 2045 ΙΙ
566 2012 628 2045 plus
647 2020 696 2038 om.
721 2011 744 2037 T
761 2013 770 2045 11
793 2015 809 2037 4
828 2011 922 2037 subter
942 2020 990 2037 om.
1010 2012 1104 2038 Ambr.
1129 2013 1137 2045 ΙΙ
1161 2015 1176 2038 5
1196 2012 1224 2038 in
1243 2021 1292 2038 om.
1313 2012 1342 2038 F
1359 2015 1382 2038 et
1402 2013 1504 2039 Daniel
1527 2012 1530 2045 Ι

1440 2057 1446 2076 ι

255 2082 373 2116 duplicis
394 2082 573 2108 Commelinus
589 2084 697 2115 primus
711 2084 719 2116 ΙΙ
734 2082 808 2108 nisur
825 2082 853 2107 1
871 2082 946 2108 uisus
963 2083 1054 2109 Ambr.
1070 2084 1079 2116 ΙΙ
1094 2086 1109 2108 6
1125 2091 1223 2116 graece
1238 2083 1311 2110 scale
1326 2083 1355 2109 1
1366 2084 1375 2117 ΙΙ
1391 2087 1404 2109 7
1421 2083 1529 2117 erigun-

254 2119 299 2144 tur
319 2118 341 2143 Τ
357 2118 376 2147 (1
396 2126 527 2151 superse-r.
549 2119 605 2144 mul.
628 2124 723 2149 tumis)
744 2118 878 2151 cliguntur
894 2117 923 2143 F
949 2117 1078 2144 dicuntur
1097 2119 1190 2145 Ambr.
1206 2122 1229 2144 et
1246 2119 1347 2145 Daniel
1361 2120 1370 2153 ss
1385 2127 1464 2145 omne
1480 2119 1510 2145 F

255 2163 287 2179 ex
303 2156 376 2179 omni
394 2154 471 2187 parte
488 2154 510 2179 7
521 2155 530 2187 ΙΙ
545 2158 560 2179 8
576 2154 697 2187 aliquam
714 2153 837 2188 corporis
850 2154 942 2180 Ambr
958 2155 967 2187 fl
982 2157 996 2180 9
1012 2154 1039 2180 in
1056 2154 1219 2181 oeremoniis
1236 2155 1389 2181 Masvicius
1400 2155 1507 2188 primus
1521 2154 1530 2188 ΙΙ

257 2193 284 2215 11
308 2189 360 2223 ait]
382 2190 431 2215 aut
453 2189 478 2214 Ι
490 2190 499 2222 ΙΙ
514 2189 603 2215 inuita
624 2190 651 2215 l·
677 2190 782 2215 inuicta.
805 2190 828 2215 Τ
838 2190 847 2223 ΙΙ
864 2192 894 2215 12
916 2189 970 2216 ritu
987 2190 1079 2216 Ambr.
1095 2191 1103 2224 ΙΙ
1121 2193 1151 2216 13
1171 2190 1267 2216 domos
1284 2189 1333 2223 Fu
1349 2193 1380 2216 14
1400 2198 1528 2216 conscen-

255 2225 297 2250 dit
317 2225 345 2251 F
356 2226 365 2258 11
382 2227 414 2250 15
434 2234 450 2250 a
469 2228 531 2251 autc
551 2225 638 2251 tribus
659 2234 707 2251 om.
730 2226 822 2251 Ambr.
843 2228 866 2251 et
886 2225 988 2252 Daniel
1002 2226 1011 2259 ΙΙ
1029 2229 1058 2251 16
1080 2225 1224 2260 subiungit
1242 2225 1334 2252 Ambr.
1350 2227 1359 2259 ΙΙ
1373 2225 1449 2252 efata
1468 2234 1528 2256 gra—

255 2261 304 2287 dos
325 2260 353 2286 F
369 2262 378 2294 ΙΙ
402 2263 434 2286 21
455 2261 491 2286 ad
511 2261 600 2287 cubi112
620 2270 693 2295 supr.
716 2269 779 2287 cers.
800 2260 919 2287 cubandi
939 2261 1030 2287 locum
1053 2261 1077 2286 T
1096 2261 1105 2294 ΙΙ
1129 2264 1162 2287 26
1182 2261 1371 2295 relinquerunt
1391 2260 1420 2286 F
1447 2260 1528 2287 relin—

254 2298 324 2356 1111υὲ
344 2297 441 2330 111127
461 2305 515 2322 non
536 2297 636 2322 natura
655 2305 704 2322 nec
725 2297 811 2322 fatum
886 2296 912 2322 id
929 2298 971 2322 est
990 2296 1113 2331 gladium
1134 2297 1192 2330 (sic)
1212 2295 1317 2323 antonii
1337 2297 1367 2322 in
1381 2305 1466 2332 mary.
1486 2296 1529 2331 ΤΙΙ

255 2335 288 2358 29
320 2332 396 2358 atum
418 2332 448 2357 H
