1690 2611
491 89 603 117 COMM.
625 91 662 116 IN
683 90 788 117 VERG.
810 90 892 117 AEN.
913 91 931 117 I.
953 94 1100 118 alo—224.
1393 94 1435 124 85

157 172 285 212 poetica
309 184 376 203 nec
400 173 555 203 verbum
579 172 694 203 verbo
724 171 878 202 curabis
907 172 1067 204 reddere
1096 174 1197 206 fidus
1227 175 1434 215 interpres;

158 225 303 266 quamvis
332 226 478 267 plerique
507 225 545 256 de
573 225 788 256 translatione
814 224 1008 256 Graecitatis
1040 225 1101 257 hoc
1129 227 1279 259 adserant
1305 228 1434 259 dictum.

157 277 317 309 Homerus
343 290 420 310 sane
444 279 508 310 ista
532 281 738 309 contemnens
769 280 916 318 tempora
945 278 1095 310 universa
1119 280 1281 312 describit.
1373 284 1437 313 *ET

156 345 212 363 mn
228 345 308 364 rmus
325 346 403 364 ERAT
416 333 468 363 .τοί
491 332 651 372 epularmn
674 332 718 362 vel
739 332 835 370 famis
858 331 903 362 vel
921 332 1087 369 malornm,
1111 344 1146 363 eac
1166 344 1223 373 quo
1238 334 1262 364 Ι
1262 335 1378 373 uppz'ter
1402 336 1434 365 in

155 385 235 416 caelo
261 386 304 416 ita
327 386 472 425 constitit,
496 388 529 416 ut
552 384 683 424 Libyam
706 383 901 424 respiceret*
989 394 1059 415 CVM
1084 394 1243 416 IVPPITER
1270 396 1432 419 AETHERE
1454 394 1468 416 5

156 447 274 470 SVMMO
299 447 514 470 DESPICIENS.
557 437 776 469 oeconomiam
800 437 898 468 istam
923 437 1097 468 secundum
1122 439 1283 470 mathesin
1307 440 1433 471 videtur

156 491 321 523 ordinasse
346 492 525 533 Vergilius3
549 502 624 522 nam
647 490 723 521 Iove
747 491 781 521 in
806 491 977 521 altitudine
1004 502 1061 522 sua
1084 491 1191 531 posito
1217 503 1287 522 cum
1308 492 1431 524 Venere

155 545 355 585 significatur
375 545 458 586 quod
482 556 539 585 per
563 544 730 575 mulierem
755 544 862 585 aliqua
885 543 1026 575 felicitas
1051 544 1155 584 possit
1182 546 1316 576 evenire.
1355 557 1431 587 ergo

155 599 306 638 quoniam
330 598 457 629 Aeneas
480 598 514 629 in
536 599 661 638 partem
686 598 777 637 regni
793 597 992 628 -admittetur
1017 609 1035 628 a
1060 597 1186 628 Didone
1212 609 1269 638 per
1294 600 1431 630 occasio-

154 662 227 682 nem
251 652 407 693 coniugii,
436 651 554 683 idcirco
579 651 659 682 haec
682 653 779 691 poeta
802 651 979 691 praemisit.
1028 662 1104 682 sane
1129 654 1161 682 et
1185 651 1265 682 illud
1290 652 1431 683 animad-
1454 660 1484 682 10

154 705 341 736 vertendum
374 705 458 746 quod
489 704 682 746 peritissime
717 704 798 734 dixit
826 704 1004 735 tristiorem
1034 703 1194 735 Venerem
1227 705 1326 736 fuisse
1359 717 1430 736 cum

152 757 240 798 Iove,
271 769 308 789 ex
338 768 400 798 quo
430 758 594 799 significat
623 757 743 788 exitum
773 757 881 788 uxoris
911 757 1073 788 infelicem
1101 758 1260 798 futurum;
1293 770 1367 790 nam
1397 770 1430 790 se

152 807 262 852 utique
278 810 362 842 Dido
387 811 561 842 interemit.
600 810 684 852 quod
709 813 815 842 autem
838 811 1033 842 Mercurium
1056 812 1135 842 facit
1156 823 1174 842 a
1193 811 1268 842 Iove
1293 812 1431 844 defluen-

151 866 218 895 tem
243 864 282 895 ad
307 875 454 895 occasum
479 864 683 903 descendere,
707 864 739 895 id
764 866 813 895 est
838 865 877 895 ad
902 865 967 896 ima
990 867 1164 904 terrarum,
1189 865 1332 896 ostendit
1351 866 1429 896 ami-

149 917 242 948 citias
267 917 396 958 quidem
420 917 501 958 fore,
526 917 580 948 sed
604 917 736 948 minime
761 917 910 949 diuturno
936 920 1081 958 tempore
1105 929 1300 959 permanere.
1347 919 1427 950 illud
1451 926 1481 948 15

149 971 246 1001 etiam
276 971 498 1003 mathematici
527 971 649 1011 dicunt,
679 970 804 1002 Venere
828 971 862 1001 in
886 971 1021 1011 Virgine
1051 972 1159 1012 posita
1188 972 1427 1003 misericordem

146 1024 302 1055 feminam
326 1024 430 1055 nasci:
455 1026 550 1065 atque
574 1024 644 1055 ideo
668 1024 832 1065 Vergilius
857 1025 952 1065 fingit
976 1025 1009 1055 in
1032 1025 1147 1056 habitu
1172 1025 1308 1066 virginis
1334 1037 1427 1057 vena-

146 1078 237 1109 tricis
253 1077 411 1108 Venerem
432 1078 607 1109 occurrisse
628 1078 709 1119 filio,
734 1078 819 1119 quod
840 1080 871 1109 et
891 1078 1131 1110 misericordem
1151 1080 1264 1119 postea
1282 1079 1426 1120 reginam

146 1131 296 1172 probavit
312 1131 436 1161 Aeneas
457 1133 489 1161 et
514 1131 546 1162 in
567 1131 737 1162 venatione
762 1143 833 1162 cum
859 1143 896 1162 ea
920 1132 1098 1172 permixtus
1124 1135 1181 1163 est.
1264 1141 1426 1163 AETHERE

147 1193 264 1215 SVMMO
290 1185 344 1224 qni
365 1195 508 1215 summus
529 1186 589 1224 est3
616 1187 648 1215 et
671 1185 837 1225 proprium
862 1187 890 1215 ef
908 1188 1089 1224 perpetuum
1113 1185 1235 1216 aetheri
1260 1184 1425 1225 epitheton
1446 1192 1480 1214 *20

147 1227 356 1278 dedit,quia
385 1237 534 1268 omnibus
564 1238 710 1278 superior
740 1240 801 1268 est:
834 1249 895 1269 ozon
927 1249 994 1278 ergyo
1023 1239 1113 1278 quasi
1140 1239 1258 1278 elwa-it
1286 1238 1427 1278 Iuppiter

147 1291 244 1322 locum
267 1291 320 1330 qui
341 1291 480 1331 superior
503 1294 553 1321 est.

234 1344 307 1375 224.
352 1352 555 1375 DESPICIENS
580 1344 729 1375 deorsum
754 1345 925 1385 aspiciens,
957 1344 1037 1375 sicut
1063 1343 1273 1385 ‘suspiciens’
1299 1355 1425 1376 sursum

146 1397 313 1438 aspiciens.
359 1398 536 1428 notandum
562 1408 650 1438 sane,
679 1398 753 1438 quia
779 1398 806 1428 si
830 1398 1003 1438 dispiciens
1033 1398 1221 1439 dixerimus,
1251 1398 1426 1440 diligenter

146 1450 312 1491 inquirens
337 1450 570 1491 significamus,
595 1451 678 1481 sicut
702 1451 822 1482 deduco
848 1453 879 1481 et
899 1451 1026 1491 diduco,
1051 1463 1126 1482 nam
1146 1452 1263 1482 deduco
1285 1454 1333 1483 est
1352 1463 1424 1492 pro-
1444 1459 1477 1481 25

146 1514 275 1544 sequor,
309 1503 422 1535 diduco
451 1515 527 1535 vero
556 1504 673 1535 divido.
763 1513 963 1536 VELIVOLVM
994 1504 1072 1535 duas
1101 1516 1152 1536 res
1182 1505 1357 1546 significat,
1392 1509 1423 1537 et

146 1557 230 1598 quod
259 1557 338 1588 velis
370 1557 510 1597 volatur,
545 1559 579 1588 ut
606 1557 667 1589 hoc
696 1558 780 1596 loco,
814 1561 846 1589 et
875 1558 959 1599 quod
989 1559 1068 1590 velis
1098 1559 1201 1599 volat,
1235 1561 1270 1590 ut
1298 1559 1422 1590 Ennius

144 1621 261 1641 naves
281 1609 485 1651 relivolas‚
502 1611 556 1652 qui
572 1613 603 1641 et
618 1611 747 1651 proprie
764 1611 854 1642 dixit.
883 1613 915 1642 et
931 1614 979 1642 est
994 1612 1057 1643 ista
1072 1612 1236 1652 reciproca
1252 1612 1422 1643 translatio

144 1663 275 1694 navium
300 1665 332 1694 et
357 1664 472 1695 avium.
519 1664 657 1705 legimus
682 1664 767 1694 enim
793 1667 828 1695 et
858 1665 1028 1695 velorum
1057 1665 1258 1706 pandimus
1284 1665 1365 1696 alas
1391 1670 1422 1696 et

144 1719 256 1747 contra
279 1717 316 1747 de
341 1718 454 1758 apibus
479 1728 570 1748 nare
594 1728 659 1757 per
683 1720 871 1748 aestatem
895 1717 1097 1759 liquidam,
1121 1729 1191 1749 cum
1210 1720 1342 1748 natatus
1367 1730 1421 1749 na-
1443 1724 1476 1746 30

216 1843 248 1865 23
268 1849 419 1866 nnsricmus
439 1840 566 1866 deorsum
586 1840 734 1874 aspiciens]
762 1840 824 1865 Isid.
844 1848 881 1866 or.
902 1840 926 1865 X
943 1843 975 1866 76
995 1842 1023 1866 et
1042 1840 1099 1866 diff.
1120 1841 1194 1866 verb.
1216 1844 1246 1866 21
1272 1842 1280 1874 Η
1305 1844 1336 1866 25
1358 1850 1422 1867 nam

144 1874 251 1901 deduco
273 1897 277 1900 .
299 1896 304 1900 .
326 1897 331 1902 .
351 1875 458 1909 divido]
488 1875 551 1902 Isid.
577 1875 632 1902 diff.
654 1875 728 1902 verb.
751 1879 799 1901 15⁴3
828 1877 836 1909 ΙΙ
865 1879 896 1901 ’27
922 1875 1039 1910 Ennius]
1068 1878 1137 1909 trag.
1158 1876 1207 1901 rel.
1228 1886 1253 1909 p.
1275 1876 1321 1902 *242
1341 1877 1420 1903 Ribb.

144 1913 241 1979 {eoi-og
259 1910 349 1972 ἓξὲξ-,19
364 1910 396 1937 cf.
417 1911 538 1937 Maerob.
559 1911 616 1937 Sat.
637 1911 674 1937 VI
695 1915 718 1943 5,
742 1914 771 1936 10
791 1911 800 1943 11
819 1914 851 1937 29
873 1913 901 1937 et
919 1911 1054 1945 velorum]
1076 1913 1107 1937 A.
1129 1912 1166 1937 ΙΙΙ
1187 1915 1237 1937 520
1256 1913 1265 1945 Η
1288 1915 1321 1937 30
1341 1912 1420 1946 nare]

218 2065 226 2087 l
251 2062 345 2087 curaui
365 2062 389 2087 L
410 2063 488 2093 (corr.
508 2062 526 2093 l)
541 2062 550 2094 ΙΙ
569 2066 584 2087 3
605 2062 804 2095 contempnens
825 2061 953 2087 CLHM
967 2062 976 2094 ΙΙ
995 2062 1142 2089 describsit
1160 2063 1217 2089 KG
1235 2064 1243 2096 ΙΙ
1263 2066 1277 2088 S
1298 2063 1421 2096 aliquam

144 2097 230 2123 HM]
244 2099 253 2131 ΙΙ
268 2100 283 2123 9
303 2097 498 2123 admitteretur
513 2097 535 2123 C
548 2098 556 2130 ΙΙ
573 2100 604 2122 10
625 2099 653 2123 et
672 2106 720 2124 om.
738 2098 794 2123 KG
806 2098 815 2130 ss
832 2101 862 2123 13
882 2096 1019 2123 interimit
1034 2099 1064 2123 J(
1077 2100 1085 2131 ΙΙ
1100 2098 1179 2132 facit]
1202 2099 1269 2124 (licit
1280 2107 1420 2132 ‘super-scr.

145 2133 178 2159 0³
192 2134 201 2166 ss
216 2133 250 2159 ab
265 2133 327 2159 ioue
344 2133 366 2159 C
378 2134 387 2166 ΙΙ
402 2133 548 2159 deflentem
564 2133 590 2158 B
615 2132 747 2158 fluentem
763 2133 786 2159 C'
807 2133 945 2158 defluente
962 2134 991 2158 K
1002 2135 1011 2166 Η
1027 2137 1057 2159 15
1079 2134 1176 2160 diurno
1194 2135 1228 2159 M
1242 2135 1250 2168 ΙΙ
1268 2138 1298 2159 16
1318 2135 1420 2160 lectum

144 2169 186 2194 est
204 2168 260 2194 BG
291 2168 494 2200 (mathematici
519 2168 616 2194 dicunt
635 2168 679 2201 (³³)
702 2169 711 2201 u
740 2172 772 2194 16
792 2170 920 2200 uenere&
942 2168 965 2194 Ο
996 2177 1124 2195 uenerem
1145 2169 1169 2194 L
1192 2170 1200 2202 ΙΙ
1229 2170 1348 2203 positam
1370 2169 1393 2194 L

144 2207 176 2229 23
197 2204 234 2230 acl
251 2213 274 2230 v.
296 2207 347 2230 ‘324
372 2204 544 2237 Despiciens]
574 2204 700 2230 deorsum
725 2203 876 2237 aspicieus,
902 2204 974 2230 sieut
997 2204 1149 2237 suspiciens
1174 2214 1280 2230 sursum
1305 2206 1418 2236 (susum)

143 2239 287 2272 aspiciens.
325 2240 496 2273 Veliuolum]
517 2239 590 2272 quod
609 2239 679 2265 uelis
698 2239 815 2264 uolatur.
854 2241 882 2265 et
901 2240 942 2265 est
960 2240 1103 2273 reciproca
1123 2241 1287 2273 metaphora
1306 2240 1418 2265 nauium

144 2275 172 2300 e't
192 2274 294 2300 auium.
316 2276 342 2300 P
355 2276 364 2309 ΙΙ
379 2278 410 2301 27
431 2275 541 2301 volatur
559 2275 588 2300 id
608 2275 649 2300 est
668 2276 822 2300 transeatur
838 2275 988 2302 Fabricius
1001 2276 1010 2309 ΙΙ
1025 2279 1058 2302 28
1078 2276 1176 2302 nauius
1192 2276 1215 2302 (J
1237 2278 1331 2309 (naues
1348 2274 1391 2307 (3²)

144 2309 203 2344 qui]
223 2310 297 2344 quod
318 2311 472 2337 Dlasricz'us
490 2311 498 2343 ΙΙ
522 2314 556 2336 30
576 2309 673 2336 auibus
694 2307 762 2335 LH'
773 2311 851 2343 (corr.
872 2311 900 2344 l).
