1690 2611
501 102 613 129 COMM.
633 102 671 128 IN
690 100 797 128 VERG.
817 100 900 128 AEN.
920 101 952 127 Π.
973 104 1121 127 502-510.
1386 100 1448 130 ‘297

174 196 232 217 sua
263 185 332 216 fata
365 185 520 215 narraret.
570 183 625 214 hoo
654 186 698 215 est
725 183 804 214 illud
832 182 869 222 <1
899 182 984 222 750>
1014 183 1131 213 multa
1163 193 1272 222 super
1300 182 1451 213 Priamo

173 239 362 279 roydtanss
384 248 493 277 super
515 237 673 268 Hectore
700 236 824 267 πιίιῐία.
877 235 915 266 de
944 238 1048 266 morte
1077 238 1185 276 autem
1214 236 1333 266 Priami
1363 236 1451 266 varie

173 292 293 323 lectum
317 292 374 322 est.
403 290 459 321 alii
483 290 607 331 dicunt,
631 289 714 330 quod
739 299 757 319 a
773 288 900 329 Pyrrho
925 288 958 320 in
984 288 1077 320 domo
1104 289 1233 329 quidem
1257 301 1315 319 sua
1339 291 1451 329 captus

175 346 238 386 est,
262 345 316 376 sed
342 344 382 376 ad
405 344 566 375 tumulum
590 342 729 374 Achillis
761 343 885 373 tractus
910 341 1099 382 occisusque
1129 344 1178 373 est
1206 342 1296 373 iuxta
1320 341 1452 383 Sigeum

174 398 448 439 promunturium:
471 407 547 428 nam
570 396 604 426 in
627 395 772 426 Rhoeteo
796 394 880 425 Aiax
906 394 1051 435 sepultus
1077 397 1139 426 est:
1164 397 1239 426 tunc
1264 395 1331 426 eius
1356 398 1453 436 caput

175 454 270 484 conto
299 452 398 482 fixum
427 449 632 482 circumtulit.
678 449 734 479 alii
763 459 838 479 vero
868 448 951 489 quod
982 448 1073 479 iuxta
1101 447 1216 479 Hercei
1246 448 1333 479 Iovis
1363 460 1452 479 aram

176 505 334 537 extinctus
359 504 414 544 sit,
438 503 561 535 dicunt:
585 502 667 534 unde
692 502 840 533 Lucanus
862 501 929 541 <IX
952 502 1038 541 979>
1058 501 1240 542 Herceas,
1265 504 1453 533 monstra-

175 562 235 590 tor
260 559 328 599 ait,
352 568 426 588 non
448 555 613 597 respicis
639 555 747 586 aras?
795 557 827 586 et
851 554 933 586 hanc
957 554 1142 595 opinionem
1167 555 1261 596 plene
1286 554 1453 596 Vergilius

179 612 337 653 sequitur:
363 611 438 641 licet
462 610 560 641 etiam
585 608 675 639 illam
699 608 872 649 praelibet,
898 609 933 639 ut
957 619 1014 638 suo
1039 608 1252 639 indicabimus
1277 608 1357 639 loco.

265 665 338 696 507.
381 676 463 695 Vteffls
481 675 529 694 νη
541 675 651 694 cum-w
664 675 761 693 cns-1211
779 661 850 692 bene
872 662 977 692 omnia
1001 661 1128 702 eolleyit,
1152 664 1180 692 et
1202 663 1336 701 captam,
1360 664 1387 692 et
1410 662 1455 692 cli-

177 721 294 756 rutam,
316 720 345 749 et
368 718 530 748 iucensam.

265 771 338 802 508.
376 778 515 801 MEDIVM
539 782 571 801 le
585 781 805 801 PENETRALIBVS
828 777 967 800 HOSTEM
992 767 1169 808 hypallage
1194 770 1256 808 est,
1279 767 1334 799 hoc
1356 770 1399 799 est
1422 769 1454 799 in

177 825 291 856 mediis
316 823 457 855 aedibus.
504 823 531 853 si
560 825 669 853 autem
694 821 841 853 ‘mediis’
875 822 1007 862 legeris,
1040 828 1105 852 non
1138 823 1205 852 stat
1238 832 1364 861 versuS‚
1392 821 1455 852 nisi

177 878 306 910 excluso
331 876 388 917 ‘s'‚
413 878 448 907 ut
472 875 557 916 <XII
583 876 668 915 709>
698 875 800 906 inter
830 887 868 906 se
898 875 1021 906 coisse
1050 875 1154 906 viros
1185 876 1221 905 et
1250 874 1455 906 decernere

177 932 289 963 ferro.
337 932 369 962 et
391 930 472 960 bene
497 929 663 960 Priamum
687 940 752 959 non
775 928 838 959 nisi
863 928 897 959 in
921 927 1073 959 extremis
1099 930 1203 958 armat
1227 928 1393 969 periculis⁷
1425 931 1457 959 ut

176 985 276 1024 maqis
303 984 410 1015 inritet
436 983 549 1014 hostem
580 983 612 1013 in
641 992 739 1013 necem
766 992 868 1021 suum,
902 991 962 1021 qua
990 981 1090 1021 possit
1117 981 1323 1021 captivitatem
1351 982 1456 1022 tutare,

176 1048 270 1078 quam
293 1040 328 1069 ut
349 1037 491 1076 defendat
512 1037 640 1076 aliquid.
687 1046 761 1067 saue
785 1034 986 1075 ‘penetralia’
1004 1034 1132 1074 proprie
1155 1035 1280 1065 deorum
1303 1035 1457 1076 (licuntur,

176 1102 239 1123 non
269 1101 438 1130 numquam
467 1090 559 1121 etiam
590 1090 668 1120 imae
695 1091 723 1120 et
755 1089 911 1120 interiores
935 1090 1042 1128 partes
1071 1089 1269 1128 privatarum
1297 1088 1457 1119 (lentorum

177 1147 335 1184 vocantur,
358 1144 438 1175 uude
461 1146 489 1175 et
506 1153 624 1183 penum
647 1143 776 1174 (lieimus
799 1142 907 1182 Zocmn,
932 1142 983 1173 uba·
1001 1142 1175 1173 conduntur
1197 1151 1274 1180 quae
1297 1142 1339 1172 ad
1361 1142 1457 1172 vitam

176 1201 249 1230 suut
278 1198 458 1229 necessaria.
511 1197 559 1228 lu'c
588 1199 690 1227 (cutem
720 1197 839 1227 videtur
873 1196 1075 1235 ogmortuuius
1099 1194 1273 1234 penetralia
1304 1194 1339 1225 de
1369 1195 1483 1225 (Ζοφηοί

177 1252 256 1292 reglis
278 1252 404 1289 dixisse,
428 1251 574 1290 quoniam
598 1260 679 1290 reyes
696 1260 793 1289 prope
815 1251 987 1289 suygyestmn
1013 1249 1176 1279 {metantur
1199 1248 1332 1279 deorum.

267 1305 340 1336 509.
378 1317 458 1336 ARMA
481 1316 612 1336 DESVETA
643 1303 681 1334 ab
711 1303 846 1334 hominis
880 1302 1109 1333 cousuetudine:
1142 1311 1264 1333 sensum
1295 1301 1337 1332 (ul
1367 1312 1458 1332 arma

180 1358 346 1390 transtulit.
446 1371 525 1389 mm
549 1358 693 1396 ons-rem]
724 1357 758 1387 id
780 1359 823 1387 est
851 1366 928 1395 quae
957 1356 1019 1386 iam
1040 1365 1180 1395 puyuare
1209 1355 1368 1386 desierant.

179 1420 425 1442 TREMENTIBVS
450 1420 542 1442 AEvo
568 1422 631 1442 non
655 1411 779 1441 timore.

269 1464 342 1496 510.
381 1472 582 1495 CIRCVMDAT
602 1474 667 1495 non
687 1465 760 1503 apte
781 1462 843 1494 sibi
863 1462 1033 1493 cohaerere
1052 1462 1142 1502 facit,
1163 1462 1217 1492 sed
1238 1461 1346 1502 potius
1368 1462 1457 1493 oneri

181 1518 288 1549 sumit.
379 1526 523 1548 INVTILE
547 1525 691 1547 FERRVM
715 1517 783 1557 ipse
807 1515 940 1546 inutilis.
976 1514 1129 1546 ‘ferrum'
1155 1515 1239 1546 enim
1263 1515 1300 1545 de
1325 1514 1376 1545 his
1401 1517 1458 1555 est,

181 1581 262 1612 quae
287 1582 305 1601 a
329 1570 509 1601 coniimctis
534 1572 665 1601 sumunt
689 1569 847 1610 epitheta,
872 1571 908 1599 ut
932 1568 1133 1599 ‘venenumffl

252 1671 267 1694 2
288 1667 321 1693 de
341 1668 430 1693 morte
450 1668 543 1693 autem
562 1666 667 1693 Priami
687 1675 708 1692 e.
725 1675 750 1699 q.
767 1666 800 1700 5.]
821 1674 906 1692 exscr.
927 1665 1064 1699 mythogr.
1086 1665 1097 1690 Ι
1118 1668 1167 1691 213

253 1760 268 1783 3
288 1764 370 1790 pyrro
391 1755 450 1781 GH
465 1755 567 1789 phyrro
588 1755 655 1781 LM
676 1756 686 1788 11
709 1758 724 1780 4
744 1754 780 1780 sit
799 1754 823 1779 L
844 1755 865 1786 (1
884 1754 927 1780 est
945 1762 1076 1787 superser.
1097 1754 1116 1786 l)
1139 1755 1147 1786 11
1171 1753 1279 1779 occisus
1298 1753 1459 1785 tractusque

494 1800 504 1818 r

183 1828 225 1854 est
246 1826 288 1860 011
320 1826 442 1853 sieaeum
462 1826 485 1852 G
504 1806 600 1860 ygeum
616 1826 640 1851 L
655 1826 663 1859 11
678 1829 692 1851 5
708 1825 930 1858 promunturium
946 1825 980 1851 G:
1000 1824 1220 1858 promuntorium
1237 1824 1262 1849 L
1282 1824 1460 1857 promunctff

185 1863 288 1889 torium
307 1862 372 1888 HE
394 1861 630 1895 promunctorium
650 1870 682 1887 ei·
697 1861 917 1894 promonturium
934 1861 970 1886 M
983 1862 991 1893 11
1006 1860 1093 1886 roetio
1111 1860 1132 1886 O
1149 1860 1245 1886 roetho
1261 1859 1286 1885 L
1300 1859 1425 1892 (roetheo
1441 1860 1461 1891 l)

184 1898 316 1924 roethaeo
336 1897 369 1923 H
385 1898 518 1923 rhoetaeo
539 1897 575 1922 M
587 1898 596 1929 11
612 1900 626 1922 6
646 1896 766 1929 Pyrrhus
782 1896 953 1922 circumtulit
972 1897 1051 1929 vulyo
1065 1897 1073 1929 11
1088 1904 1167 1922 arum
1188 1896 1209 1921 C
1222 1896 1231 1928 11
1246 1899 1260 1921 8
1281 1895 1355 1928 aras}
1372 1894 1461 1920 dictus

184 1935 278 1960 autem
294 1932 419 1966 Iuppiter
433 1932 553 1958 Herceus
568 1932 634 1965 quia
649 1940 696 1958 ara
716 1932 775 1957 eius
790 1933 851 1958 erat
865 1932 939 1958 intra
955 1932 1048 1957 aulam
1064 1933 1093 1957 et
1107 1931 1178 1957 inter
1198 1932 1307 1964 septum
1323 1930 1460 1963 parietum

185 1969 344 2000 aedificata,
374 1968 448 2001 quod
477 1976 575 2001 graece
605 1967 684 1999 ἕρκος
712 1967 815 1993 dicitur
844 1968 906 1994 udzl.
932 1967 967 1993 D.
1011 1968 1043 1999 ef.
1069 1975 1159 1993 comm.
1187 1967 1297 1992 Lucani
1321 1966 1357 1991 IX
1383 1968 1433 1991 979
1453 1969 1461 1996 J

185 2008 199 2031 9
220 2003 388 2030 indicabitur
408 2003 430 2029 O
451 2004 460 2036 11
486 2006 517 2028 10
542 2004 654 2036 captam
674 2003 820 2035 Scioppius
844 2003 976 2029 enotavit:
1001 2003 1083 2036 capta
1104 2002 1126 2028 G
1146 2003 1155 2035 11
1179 2005 1209 2027 12
1235 2003 1271 2027 [ul
1289 2010 1312 2027 v.
1333 2004 1384 2027 :308
1406 2001 1460 2026 Me-

184 2040 262 2066 dium
280 2039 309 2065 in
328 2038 517 2072 penetralibus
537 2038 657 2072 hostem]
677 2038 827 2072 hypallage
843 2038 994 2072 (ypallage)
1015 2059 1020 2064 .
1038 2058 1043 2063 .
1061 2059 1065 2063 .
1086 2037 1232 2063 decernere
1253 2037 1351 2063 ferro'.
1396 2045 1460 2062 sane

187 2074 374 2109 ‘penetralia’
397 2073 507 2107 proprie
527 2073 641 2099 deorum
661 2073 797 2099 dicuntur.
834 2073 880 2099 hic
900 2075 993 2099 autem
1015 2094 1019 2098 .
1037 2095 1041 2099 .
1060 2094 1064 2098 .
1086 2073 1207 2100 deorum.
1229 2073 1255 2098 P
1270 2074 1279 2106 11
1302 2082 1393 2098 >mnus
1414 2074 1435 2097 (³

184 2111 315 2145 ypallage
338 2110 359 2136 G
375 2109 494 2143 ypalage
515 2109 539 2134 L
558 2109 717 2142 hyppalage
737 2109 768 2134 H
791 2117 932 2141 warnarii
954 2109 992 2140 Μ
1011 2110 1020 2141 11
1046 2111 1076 2134 13
1097 2108 1225 2142 aedibus]
1244 2107 1461 2141 penetrabilibus

187 2147 210 2173 Ο
227 2145 418 2180 penetralibus
439 2145 466 2170 P
484 2144 581 2170 edibus
601 2144 634 2170 H
655 2144 766 2179 sedibus
786 2144 815 2169 E
832 2145 841 2177 11
860 2143 972 2178 legeris]
994 2143 1096 2170 dixeris
1121 2144 1149 2169 P
1165 2145 1174 2177 11
1195 2147 1228 2170 14
1247 2143 1406 2177 decemere]
1427 2144 1460 2174 ef.

186 2182 328 2208 Ribbeck-it
347 2182 437 2207 adnot.
459 2181 517 2207 erit.
538 2180 575 2206 ad
592 2180 660 2206 Aen.
681 2179 731 2205 ΧΠ
752 2183 801 2206 709
817 2181 825 2213 11
842 2182 873 2205 17
893 2179 1016 2212 aliquem
1037 2180 1192 2205 Masi-icius
1206 2180 1315 2212 pri-mus
1330 2180 1338 2212 11
1356 2182 1386 2204 18
1407 2186 1461 2203 non

186 2226 219 2244 ea:
237 2226 294 2242 nun
315 2217 337 2243 Ο
348 2217 357 2249 11
371 2216 542 2250 priuatorem
562 2216 584 2241 C
596 2216 605 2248 11
620 2218 653 2241 20
673 2215 836 2248 oportunius
852 2215 875 2241 C
887 2215 896 2247 11
910 2218 942 2240 21
963 2214 1074 2248 proprie
1089 2216 1231 2248 sugestum
1247 2214 1397 2240 emitantur
1417 2213 1443 2237 P

187 2255 219 2278 22
240 2253 276 2278 ad
295 2261 318 2279 υ.
338 2255 389 2278 509
410 2253 495 2277 Arma
514 2251 640 2284 desueta]
666 2259 736 2283 quae
761 2252 834 2283 (que)
859 2250 913 2276 iam
933 2258 1056 2284 pugnare
1076 2250 1220 2276 desierant.
1247 2250 1273 2275 P
1292 2252 1301 2282 11
1325 2252 1356 2274 23
1377 2248 1461 2282 quae]

186 2287 374 2349 quiahDaniel
387 2288 396 2320 11
411 2290 444 2313 25
463 2286 561 2313 honeri
581 2286 680 2319 Η1126
700 2286 760 2320 ipse
779 2294 828 2312 om.
850 2286 940 2319 01127
961 2294 978 2311 a
998 2285 1122 2318 GMEl,
1142 2294 1191 2312 om.
1212 2285 1280 2311 LII.
1302 2293 1333 2310 ex
1355 2285 1433 2318 vulyo

187 2323 246 2357 epit
266 2324 294 2349 et
313 2324 361 2349 aut
381 2323 404 2349 G

1476 668 1507 690 10

1478 935 1508 958 15

1478 1467 1511 1490 25
