1690 2611
116 678 147 700 10

115 947 144 969 15

112 1215 145 1238 20

167 108 232 139 634
745 108 865 135 SERVII

258 190 330 220 558.
369 199 404 220 IT
425 199 583 222 morolzis
604 199 722 223 svmmo
748 192 793 222 sie
818 191 1002 233 legendum,
1027 203 1068 223 ne
1092 192 1136 222 sit
1159 193 1378 225 soloecismus.
1416 197 1447 225 et

168 243 212 273 rei
240 243 408 274 inanimali
433 243 522 275 dedit
546 247 671 275 motum
695 245 828 276 dicendo
854 244 925 276 ‘it'.
971 244 1157 276 ‘summum'
1182 248 1289 277 autem
1314 245 1447 287 ‘peetus'

169 297 213 327 ait
240 297 378 337 pectoris
404 300 435 327 et
459 297 536 328 colli
562 298 744 329 confinium.
1079 293 1081 299 '
1416 295 1422 305 '

257 350 330 380 560.
368 359 455 381 TREs
486 359 642 388 EerrvM
671 360 812 382 NVMERO
843 359 985 381 TVRMAE
1018 362 1085 382 rem
1115 351 1278 383 Romanae
1311 353 1447 384 militiae

169 414 225 433 suo
252 403 365 434 inserit
389 404 533 435 carmini.
580 415 655 435 nam
684 407 812 436 constat
842 405 945 445 primo
976 407 1042 435 tres
1070 407 1180 445 partes
1209 405 1308 437 fuisse
1337 406 1448 447 populi

168 456 317 488 Romani:
343 468 438 489 unam
456 457 650 490 Titiensium
671 470 689 490 a
709 458 783 490 Tito
804 458 912 497 Tatio,
932 458 1010 489 duce
1032 456 1239 499 Sabinorum,
1260 459 1324 490 iam
1344 460 1447 491 amico

167 514 243 550 post
279 510 428 542 foedera:
467 512 603 543 alteram
638 512 833 543 Ramnetum
867 523 886 543 a
919 512 1078 543 Romulo:
1116 513 1247 543 tertiam
1282 512 1447 554 Lucerum,

167 575 303 604 quorum
329 565 505 596 secundum
530 565 656 597 Livium
681 566 715 606 <1
744 567 791 606 13,
817 566 858 606 8>
884 568 916 596 et
939 577 1057 597 nomen
1082 568 1115 597 et
1139 576 1234 597 causa
1261 566 1293 597 in
1319 566 1445 598 occulto

168 619 250 649 sunt.
299 617 402 650 Varro
429 620 536 649 tamen
562 619 653 660 dicit,
683 619 858 650 Romulum
882 619 1088 650 dimicantem
1113 621 1226 650 contra
1251 619 1361 651 Titum
1386 620 1445 651 Ta-

168 671 250 702 tium
270 683 289 702 a
308 671 562 713 Lucumonibus,
587 673 646 704 hoc
672 675 721 704 est
741 672 870 712 Tuscis,
895 673 1015 703 auxilia
1038 672 1234 713 postulasse.
1271 673 1355 704 unde
1380 674 1447 715 qui-

166 724 240 756 dam
269 726 358 757 venit
386 736 455 756 eum
485 727 640 758 exercitu:
678 727 744 767 eui,
779 728 908 767 recepto
936 726 1002 757 iam
1032 725 1142 767 Tatio,
1175 737 1250 767 pars
1280 728 1369 759 urbis
1399 729 1448 758 est

166 777 254 810 data:
283 790 302 809 a
326 790 388 820 quo
413 779 446 810 in
471 780 548 811 urbe
574 780 696 811 Tuscus
728 780 831 811 dictus
863 782 912 811 est
940 780 1038 811 vicus.
1083 778 1239 811 Horatius
1269 792 1310 812 ae
1333 781 1446 812 Tusci

166 833 279 864 turba
316 833 435 874 impia
473 834 556 865 vici.
605 844 682 875 ergo
717 846 735 866 a
767 833 953 865 Lucumone
987 833 1124 864 Luceres
1158 833 1237 865 dicti
1271 836 1353 865 sunt.
1401 834 1446 865 sic

166 888 274 917 autem
299 886 331 917 in
356 890 422 918 tres
451 890 561 928 partes
591 888 730 919 divisum
760 888 860 918 fuisse
889 887 1046 928 populum
1070 886 1283 918 Romanorum
1308 889 1445 928 constat,

166 942 201 970 ut
224 940 320 970 etiam
348 941 402 981 qui
426 943 598 981 praeerant
629 941 767 982 singulis
796 941 958 982 partibus,
986 941 1108 971 tribuni
1139 940 1333 972 dicerentur:
1363 940 1445 971 unde

166 993 263 1024 etiam
289 996 450 1035 sumptus>
475 1006 554 1036 quos
581 994 701 1026 dabant
725 995 860 1036 populo,
883 995 1006 1026 tributa
1030 994 1247 1025 nominarunt.
1339 1003 1444 1025 TERNI

165 1055 347 1079 DVCTORES
373 1059 461 1079 more
487 1059 558 1079 suo:
583 1048 645 1079 hoc
669 1051 719 1079 est
743 1050 817 1080 tres.

254 1102 326 1132 561.
366 1110 547 1133 DVCTORES
564 1111 668 1133 PVERI
689 1102 741 1133 hic
760 1102 890 1143 quidam
911 1102 1106 1143 distingunt,
1126 1104 1161 1132 ut
1181 1101 1319 1133 diximus
1340 1113 1444 1143 supra.

254 1155 327 1186 562.
366 1164 584 1193 PARIBVSQVE
600 1164 786 1187 MAGISTRIS
808 1158 839 1187 et
858 1156 919 1187 hoc
939 1155 1074 1187 adludit:
1094 1166 1169 1186 nam
1185 1155 1343 1196 hodieque
1359 1156 1445 1196 equi-

166 1210 233 1238 tum
259 1209 409 1239 dicuntur
433 1209 591 1250 magistri.

255 1262 328 1293 564.
367 1271 495 1294 Pom'rn
510 1272 703 1294 PROGENIES
724 1264 816 1294 illum
838 1263 915 1294 dicit
935 1274 1030 1304 quem
1051 1274 1147 1303 supra
1167 1274 1185 1293 a
1202 1262 1326 1303 Pyrrho
1346 1262 1444 1293 intro-

164 1314 256 1346 duxit
286 1315 440 1356 ocoisum3
472 1316 510 1347 de
540 1328 602 1357 quo
632 1315 713 1348 Cato
742 1317 775 1347 in
804 1317 982 1358 originibus
1012 1316 1103 1358 dicit,
1133 1316 1215 1358 quod
1246 1316 1282 1347 ad
1313 1315 1443 1347 Italiam

165 1369 288 1400 venerit
316 1372 349 1400 et
378 1372 565 1412 segregatus
601 1371 641 1401 ab
672 1371 782 1401 Aenea
815 1370 994 1401 condiderit
1022 1370 1174 1411 oppidum
1204 1370 1397 1402 Politorium
1425 1381 1444 1401 a

165 1433 221 1453 suo
246 1422 386 1453 nomine.

254 1476 326 1507 565.
365 1485 459 1513 QVEM
488 1486 659 1509 THRACIVS
689 1487 789 1509 Annis
818 1487 953 1509 PORTAT
982 1486 1096 1515 nvis
1131 1488 1200 1508 cum
1231 1479 1298 1508 tres
1328 1477 1444 1508 dixerit

164 1529 274 1569 duces,
305 1529 439 1561 duorum
470 1542 568 1571 equos
599 1533 839 1563 commemorat.
887 1532 941 1563 sed
971 1534 1027 1563 aut
1055 1530 1276 1572 praetermisit
1300 1530 1384 1571 quod
1407 1532 1444 1561 ut

164 1586 414 1624 consequeretur
438 1595 566 1615 necesse
591 1587 674 1616 erat:
706 1596 763 1616 nec
788 1585 873 1616 enim
898 1596 979 1616 unus
1004 1584 1099 1625 pedes
1125 1595 1193 1615 esse
1218 1585 1359 1624 poterat:
1388 1586 1444 1615 aut

164 1637 221 1668 illo
251 1637 389 1668 reddidit
419 1637 502 1678 loco,
531 1640 567 1669 ut
595 1638 718 1670 ‘cetera
746 1639 846 1680 pubes
877 1638 1012 1670 senioris
1036 1638 1175 1670 Acestae
1202 1637 1304 1669 fertur
1328 1636 1442 1679 equis'.

166 1701 360 1732 quamquam
385 1691 479 1723 multi
505 1691 713 1723 distinctione
739 1694 865 1724 mutata
893 1694 960 1724 tres
985 1703 1083 1733 equos
1113 1693 1377 1732 commemorent,
1407 1693 1443 1722 ut

237 1782 251 1804 4
272 1788 329 1805 rem
350 1779 491 1806 Romanae
512 1789 533 1805 e.
555 1789 580 1813 q.
601 1781 632 1813 s.]
653 1780 687 1807 ef.
708 1780 796 1806 Varro
815 1780 840 1807 d.
861 1781 879 1806 1.
900 1780 918 1806 1.
939 1780 961 1805 V
983 1783 1024 1812 46,
1045 1782 1087 1812 55,
1107 1782 1148 1806 81.
1186 1779 1442 1806 Pseudo-Asconius

166 1824 191 1847 p.
215 1818 272 1847 159,
294 1817 325 1840 15
341 1824 399 1848 sqq,
422 1817 465 1841 Ur.
481 1816 490 1849 u
507 1819 537 1841 12
559 1816 701 1850 Horatius]
723 1817 774 1842 sat.
796 1817 819 1842 II
839 1819 864 1849 3,
879 1816 954 1850 22811
976 1819 1006 1842 13
1027 1816 1066 1842 sic
1085 1816 1178 1842 autem
1253 1814 1442 1849 nominarunt]

166 1859 249 1876 exscr.
272 1850 334 1876 Isid.
356 1860 394 1877 or.
416 1851 477 1877 XVI
501 1856 540 1884 18,
562 1853 646 1885 71122
668 1851 735 1878 Cato
756 1852 783 1878 in
803 1851 969 1886 originibus}
991 1852 1015 1877 ΙΙ
1034 1855 1067 1878 26
1089 1851 1168 1884 Iord.,
1188 1854 1221 1877 54
1240 1850 1299 1877 Pet.

240 1934 249 1956 1
273 1931 401 1956 scholium
422 1931 458 1956 acl
477 1940 499 1957 v.
517 1934 567 1957 553
587 1940 636 1958 om.
658 1932 687 1957 F
703 1932 712 1965 11
734 1936 748 1957 5
769 1932 876 1967 inserit]
897 1932 995 1958 intulit
1013 1931 1042 1957 F
1054 1933 1063 1966 ΙΙ
1082 1932 1192 1957 constat
1210 1939 1259 1957 om.
1280 1931 1315 1963 F,
1336 1932 1444 1957 constet

167 1966 196 1991 Ν
209 1967 218 1999 ΙΙ
233 1966 280 1992 tris
296 1966 324 1991 F
337 1967 345 1999 ΙΙ
361 1971 375 1991 6
397 1976 451 1992 una
467 1967 496 1992 F
507 1968 516 2000 Η
531 1967 707 1993 traticnsium
727 1968 759 1993 Il
783 1967 943 1994 tatiensium
965 1968 999 1993 M
1013 1968 1022 2001 ΙΙ
1037 1971 1051 1993 7
1072 1967 1251 2001 Ramnetum]
1272 1969 1348 1993 trans
1367 1968 1442 1993 etum

166 2002 195 2027 ΙΙ
209 2004 218 2035 ΙΙ
237 2005 252 2027 8
273 2001 378 2035 lybiuru
400 2002 428 2027 F
441 2002 450 2035 ΙΙ
465 2003 600 2029 romulum
621 2012 653 2029 ea·
672 2003 812 2029 tumulum
834 2004 869 2029 M
887 2004 896 2037 ΙΙ
917 2007 948 2030 10
968 2003 1160 2029 lacumonibus
1180 2002 1209 2028 F
1224 2003 1233 2036 ΙΙ
1256 2002 1321 2037 hoc]
1341 2002 1369 2028 id
1389 2002 1418 2028 F
1434 2002 1443 2037 Η

168 2041 195 2063 11
219 2037 354 2071 exercitu]
376 2040 468 2063 erectu
490 2039 518 2063 Li
533 2039 542 2072 ΙῙ
561 2039 643 2065 Tatio
664 2047 713 2065 om.
736 2039 770 2065 M
789 2040 798 2072 ΙΙ
817 2039 863 2065 ubi
884 2040 914 2065 N
931 2039 1017 2072 (urbis
1036 2040 1065 2070 n)
1084 2038 1144 2064 ubis
1164 2038 1197 2064 ΙΙ
1211 2039 1220 2072 ll
1241 2041 1272 2064 12
1293 2047 1309 2064 a
1329 2046 1383 2072 quo
1403 2038 1443 2064 F.-

165 2081 219 2107 quo
239 2073 297 2098 NJ.
322 2082 375 2106 que
391 2073 422 2098 ΙΙ
445 2074 515 2099 unde
533 2075 566 2099 M
581 2076 589 2107 u
604 2074 700 2100 tusciis
716 2074 746 2101 F
767 2083 847 2100 uscus
863 2075 894 2101 ΙΙ
907 2076 915 2109 ΙΙ
930 2083 962 2101 ac
981 2075 1065 2108 tusci}
1086 2074 1174 2100 atusci
1191 2074 1227 2099 M
1239 2075 1248 2107 ss
1265 2077 1295 2100 13
1317 2074 1376 2100 uice
1391 2073 1421 2099 F
1432 2074 1440 2108 ΙΙ

165 2109 228 2135 lucu
250 2117 317 2135 eone
337 2109 362 2134 L
381 2110 390 2142 ss
410 2108 509 2134 lucei-is
530 2110 559 2135 F
576 2110 584 2143 ΙΙ
604 2110 643 2136 sic
663 2110 770 2145 autem]
791 2119 856 2144 ergo
878 2111 912 2136 M
931 2111 940 2144 ΙΙ
961 2113 992 2136 15
1012 2110 1054 2144 ut]
1075 2110 1145 2136 adeo
1165 2111 1195 2135 ut
1214 2109 1363 2136 Fabricius
1381 2110 1390 2143 ss
1410 2112 1440 2135 16

165 2154 294 2174 'senumve
315 2144 344 2169 F
369 2145 378 2177 ΙΙ
408 2147 438 2169 17
460 2154 535 2171 mors:
557 2167 560 2171 .
583 2167 587 2171 .
609 2168 613 2172 .
636 2146 703 2180 tres]
723 2148 779 2172 tres
799 2150 828 2172 et
847 2146 888 2172 ait
909 2154 984 2172 more
1005 2154 1053 2172 suo
1075 2145 1104 2171 F
1126 2146 1134 2179 ΙΙ
1164 2148 1195 2171 19
1216 2147 1244 2171 et
1262 2145 1314 2171 hoc
1333 2144 1442 2171 adludit

409 2190 451 2208 hoc

166 2215 248 2241 FM:
270 2215 311 2241 uel
333 2217 361 2241 ct
381 2225 412 2242 cx
450 2215 560 2241 adludit
579 2217 606 2241 Ν
635 2226 668 2242 ex
688 2217 740 2242 hoc
760 2217 869 2243 adludit
887 2218 896 2244 l
914 2219 988 2250 (nam
1007 2226 1039 2243 ex
1059 2216 1111 2243 hoc
1184 2215 1311 2249 magistri
1330 2215 1360 2241 i‘n
1379 2222 1439 2241 cooz-

164 2272 239 2295 l1⁷.1:lu
259 2270 357 2296 omissa
377 2270 407 2295 in
426 2278 510 2303 marg).
531 2271 617 2302 suqtpl⁴
636 2271 654 2303 l)
683 2271 727 2296 uel
749 2271 776 2296 et
796 2279 828 2296 ex
848 2270 899 2296 hoc
920 2269 1028 2296 adludit
1047 2270 1145 2303 111120
1164 2268 1291 2303 magistri
1311 2267 1440 2294 dicuntur

167 2306 198 2330 Μ
223 2306 232 2338 ΙΙ
255 2309 286 2331 21
307 2306 436 2332 scholium
456 2306 492 2331 ad
510 2314 534 2330 Ἰ).
556 2309 605 2330 5⁴34
625 2315 673 2332 υηι.
699 2306 724 2331 Ε
745 2307 754 2339 Η
777 2309 810 2332 23
831 2307 991 2340 segregatos
1014 2306 1044 2331 l!
1059 2306 1068 2339 ΙΙ
1091 2304 1224 2339 obpidum
1245 2304 1269 2329 L
1291 2305 1301 2337 ΙΙ
1324 2306 1358 2329 26
1379 2304 1438 2337 aut]

164 2343 256 2366 :iniit-in
281 2341 308 2366 ΙΙ
321 2342 330 2374 ΙΙ
345 2345 377 2366 28
399 2341 522 2367 redditur
543 2341 571 2366 F
583 2342 592 2374 ΙΙ
606 2346 639 2366 ’.ἐν
660 2341 708 2367 tris
730 2341 758 2367 F
770 2342 779 2374 ΙΙ
794 2342 1013 2367 commemorant
1032 2340 1061 2366 F
