1690 2611
448 122 560 149 COMM.
581 123 621 149 ΙΝ
640 121 746 149 VERG.
766 122 849 148 AEN.
870 122 889 149 Ι.
910 125 1058 149 385—392.
1331 121 1390 153 131

114 204 236 245 omnia,
262 202 345 241 Ζεὺς
369 206 502 236 vocatur
530 202 593 236 ἀπὸ
617 204 675 245 τῆς
699 204 792 245 ζωῆς,
822 203 856 235 id
887 206 936 234 est
960 204 1037 234 vita.
1128 212 1249 235 CARPIS
1275 203 1393 244 accipis

113 258 214 296 modo,
237 259 275 288 ut
295 259 331 288 et
354 258 547 298 placidam
571 258 782 298 carpebant
806 257 973 288 membra
998 257 1174 297 quietem.
1265 265 1393 288 TYRIAM

113 309 347 353 Carthaginem
371 323 389 343 a
413 311 545 343 colonis.
619 319 820 343 ADVENERIS
845 319 964 342 VRBEM
988 310 1213 351 hysterologia
1232 313 1268 342 ut
1288 322 1393 351 supra,

112 364 166 396 hoc
198 367 241 396 est
271 366 314 396 acl
344 365 448 397 'urbem
479 366 604 397 veneris.
694 373 809 396 PERGE
845 373 946 396 mono
975 364 1212 395 tantummodo:
1241 364 1301 395 hoc
1336 367 1394 402 est,

113 418 194 450 haec
217 419 279 450 tibi
304 419 373 450 sola
397 419 440 450 sit
465 430 553 460 cura,
577 430 652 450 nam
676 418 834 450 liberatae
859 420 935 449 sunt
957 428 1064 449 naves.

201 472 275 504 389.
308 481 444 504 PERFER
472 472 684 513 imperativus
716 472 828 503 modus
862 474 924 512 est,
955 473 991 502 ut
1022 470 1079 502 fer
1111 470 1258 502 cineres
1284 470 1393 501 Ama-

112 525 207 566 rylli
231 525 346 558 foras.

201 579 275 610 390.
308 587 465 611 REDVCES
489 579 620 620 proprie
645 577 807 610 ‘reduces'
828 577 978 609 dicuntur
1003 577 1058 618 qui
1077 577 1219 618 pericula
1240 577 1394 609 evadunt:

113 632 159 663 sic
183 632 267 663 infra
291 635 331 664 ut
354 633 512 664 reduces
537 632 599 663 illi
623 632 776 673 ludunt,
808 631 931 663 seilicet
955 633 1030 672 post
1053 631 1232 672 periculum
1257 631 1394 663 inlatum

113 686 152 717 ab
177 686 295 727 aquila.

201 739 274 770 391.
310 747 430 771 VERsls
455 748 693 777 AQViLoxissvs
719 742 775 771 ant
792 740 918 780 speeiem
938 749 997 778 pro
1018 749 1125 779 yenere
1143 739 1262 779 posuit,
1280 738 1335 770 hoc
1353 741 1397 770 est

112 792 239 823 mutatis
263 793 374 830 ventis,
403 796 459 824 ant
487 793 574 834 quia,
602 795 774 834 postquam
803 792 842 823 ad
866 792 1013 823 Africam
1042 792 1104 823 iter
1133 794 1312 833 verterunt,
1344 792 1395 823 ad-

111 855 221 877 versus
246 847 319 877 ante
343 845 463 887 Aquilo
488 847 594 887 coepit
618 857 688 878 esse
713 846 960 887 prosperrimus.

201 898 274 930 392.
307 908 344 930 NI
369 908 527 931 Μὶν-311111
552 909 737 931 Avovmvn
762 909 847 931 VANI
872 907 1037 931 DOCVERE
1063 908 1244 930 PARENTES
1270 899 1330 930 hoc
1355 899 1394 929 ad

113 952 366 984 confirmandum
391 964 531 984 errorem
557 953 683 984 Aeneae
707 953 802 994 dixit,
826 964 865 984 ne
890 952 1063 983 divinando
1084 952 1143 983 dea
1163 963 1232 983 esse
1253 952 1394 983 credere-

113 1007 175 1036 tur.
203 1008 232 1036 et
255 1008 298 1038 est
319 1009 533 1047 alymnentum
557 1007 600 1038 ad
620 1007 795 1046 fallaciam,
820 1017 858 1037 ne
881 1006 1035 1046 intelleyat
1057 1006 1152 1036 deam.
1182 1005 1266 1047 quod
1286 1007 1394 1036 autem

112 1059 190 1090 dicit
219 1059 310 1090 ‘vani
339 1059 516 1101 parentes',
545 1062 601 1091 aut
629 1060 803 1101 hypallage
834 1061 896 1100 est,
930 1059 961 1090 id
991 1060 1040 1089 est
1068 1070 1186 1090 vanum
1216 1059 1394 1099 augurium,

111 1114 148 1143 ut
171 1112 259 1143 dare
284 1112 479 1144 classibus
504 1115 661 1144 austros
691 1114 723 1143 et
750 1112 863 1143 ibant
892 1111 1047 1143 obscuri
1077 1111 1161 1143 sola
1190 1111 1257 1142 sub
1282 1114 1394 1142 nocte

111 1177 170 1206 pro
198 1165 262 1206 ipsi
286 1165 348 1197 soli
375 1177 432 1206 per
462 1165 631 1197 obscuram
661 1167 804 1206 noctem3
836 1167 891 1196 aut
920 1167 1007 1196 certe
1033 1164 1124 1196 ‘vani
1144 1164 1314 1206 ,parentes'
1340 1165 1395 1206 qui

111 1229 162 1249 res
187 1218 287 1249 falsas
312 1220 344 1250 et
367 1219 478 1250 inanes
503 1214 627 1251 docen't.
656 1221 689 1250 et
712 1230 769 1260 per
792 1219 853 1250 hoc
879 1219 1025 1259 decipere
1044 1218 1232 1259 plerumque
1253 1218 1394 1250 ostendit

112 1272 255 1314 auguria.
302 1272 395 1303 multi
426 1273 540 1304 volunt
572 1273 612 1304 ad
642 1273 779 1304 nimium
810 1272 869 1303 hoe
902 1283 1044 1303 amorem
1073 1274 1245 1312 parentum
1272 1272 1394 1313 referri,

112 1326 413 1367 qui1teneritudine
448 1326 582 1357 affectus
618 1327 716 1358 etiam
750 1326 911 1367 superflua
944 1325 1064 1357 liberos
1098 1325 1220 1357 docent.
1267 1326 1393 1366 quidam

113 1378 217 1410 ‘vani'
241 1380 397 1411 mendaces
422 1380 556 1410 tradunt.
607 1379 776 1411 Sallustius
805 1380 839 1411 in
866 1379 1021 1419 Iuyurtlm
1051 1390 1134 1410 nam
1162 1389 1222 1419 eqo
1250 1380 1393 1420 quidem

111 1432 236 1464 vellem
259 1435 292 1463 et
313 1432 398 1463 haee
420 1443 510 1472 quae
532 1433 651 1464 scribo
674 1436 707 1464 et
732 1433 799 1464 illa
828 1443 918 1473 qnae
947 1435 1056 1464 antea
1086 1434 1124 1463 in
1151 1435 1281 1464 senatu
1309 1444 1392 1473 que—

110 1487 189 1517 stus
211 1496 289 1517 sum
313 1496 407 1517 vana
429 1486 555 1525 forent
571 1487 711 1527 potius,
735 1497 841 1526 quam
860 1487 1013 1517 miseria
1037 1497 1113 1517 mea
1136 1486 1250 1525 fidem
1273 1487 1393 1519 rerbz's
1413 1494 1441 1515 *25

109 1538 257 1577 faceret.
305 1539 464 1570 Terentius
499 1540 530 1570 in
564 1539 750 1571 Phormione
784 1540 834 1571 ubi
866 1540 1040 1571 adulescens
1073 1540 1208 1571 lenonem
1242 1541 1393 1571 mendacii

111 1593 215 1632 myuit
238 1602 309 1623 non
334 1594 365 1623 tc
381 1593 497 1632 pudet
519 1593 725 1624 vanitatis?

184 1727 198 1750 2
219 1726 247 1750 et
265 1723 418 1758 placidam]
439 1724 470 1751 A.
486 1724 524 1749 IV
540 1728 590 1750 522
611 1725 644 1750 cf.
666 1725 813 1751 Ribbeckii
833 1725 925 1751 adnot.
948 1725 1006 1751 crit.
1022 1726 1031 1757 ΙΙ
1047 1728 1061 1751 ὓ
1081 1724 1134 1758 fer]
1155 1724 1216 1750 buc.
1233 1724 1297 1750 VIII
1319 1728 1367 1751 101

112 1762 127 1785 9
146 1760 179 1785 ut
196 1760 323 1793 reduces]
344 1760 375 1785 A.
395 1760 406 1785 I
426 1763 476 1785 397
501 1761 510 1793 ΙΙ
535 1764 566 1786 IS
586 1761 664 1794 dare]
692 1760 723 1786 A.
744 1760 780 1785 III
802 1764 832 1786 61
858 1761 866 1793 ΙΙ
890 1760 981 1795 ibant]
1007 1761 1038 1786 A.
1060 1760 1097 1785 Vl
1117 1763 1168 1785 ‘258
1192 1761 1201 1793 ΙΙ
1226 1763 1258 1785 2-2
1279 1760 1391 1793 quidam

111 1795 176 1820 vani
196 1795 342 1821 mendaces
362 1795 491 1829 tradunt]
518 1796 551 1822 cf.
572 1796 642 1823 Geli.
665 1796 754 1821 XVIII
775 1799 804 1828 4,
825 1799 839 1821 9
863 1798 872 1829 Η
896 1799 928 1821 23
953 1795 982 1821 in
1002 1796 1148 1829 Iugurtha]
1170 1798 1217 1828 24,
1238 1798 1252 1821 9
1277 1797 1286 1829 ss
1310 1799 1342 1821 20
1363 1797 1391 1822 in

112 1830 290 1864 Phormione]
313 1831 350 1856 ΙΙΙ
370 1834 394 1863 2,
414 1834 447 1856 40

186 1957 275 1980 lasus
296 1954 326 1980 K
347 1955 355 1987 ΙΙ
379 1963 433 1980 ano
453 1965 502 1980 Tm·
522 1965 592 1981 own(-
612 1955 638 1980 B
658 1964 711 1981 ans»
731 1966 778 1981 Τει-
799 1965 863 1981 zone
882 1956 907 1981 L
931 1965 986 1982 ano
1007 1966 1056 1981 'rnc
1076 1965 1141 1981 zoas:
1162 1956 1195 1981 H
1211 1956 1282 1988 ζωῆς
1301 1956 1329 1982 id
1350 1957 1392 1982 est

112 1989 172 2016 uita
195 1998 244 2015 om.
266 1990 320 2015 GP
345 1992 420 2022 (zone
445 1991 508 2017 add.
530 1990 577 2023 0³)
601 1991 610 2023 ΙῙ
633 1999 650 2016 a
669 1991 728 2016 uita
746 1991 773 2016 B
797 1992 844 2024 {13
864 1993 896 2017 ut
915 2000 999 2025 supra
1018 2000 1066 2017 01η.
1090 1991 1142 2017 GP
1161 1992 1170 2023 ῙΙ
1194 1995 1209 2017 ὓ
1236 1992 1272 2017 acl
1297 2000 1319 2017 Γ.
1340 1994 1390 2017 389

112 2024 218 2059 Perfer]
238 2025 421 2058 imperatiuus
441 2047 446 2052 .
464 2047 468 2051 .
486 2047 491 2051 .
512 2026 593 2051 foras.
618 2026 645 2051 P
663 2027 673 2059 ΙΙ
696 2029 711 2051 8
738 2027 775 2052 (nl
793 2036 816 2052 r.
838 2030 889 2053 390
909 2027 1047 2061 Reduces]
1072 2027 1183 2060 proprie
1209 2048 1214 2053 .
1231 2048 1236 2052 .
1257 2048 1262 2052 .
1288 2027 1390 2060 aquila.

113 2060 140 2085 P
158 2062 167 2094 ΙΙ
189 2060 304 2086 reduces
324 2069 374 2086 om.
394 2061 453 2086 BP
471 2063 480 2095 ῙΙ
503 2062 569 2094 quia
589 2060 610 2086 C
631 2062 640 2094 11
663 2065 678 2087 9
704 2062 776 2087 sieut
795 2062 822 2087 Ι)
841 2064 849 2095 ΙΙ
875 2066 905 2088 13
933 2063 1065 2088 aduersus
1089 2063 1152 2088 ante
1177 2071 1226 2088 0711.
1246 2062 1272 2087 B
1296 2064 1305 2095 ΙΙ
1328 2072 1389 2096 pro-

113 2096 274 2130 sperrimus]
295 2096 431 2130 posterior
449 2097 476 2121 B
500 2098 508 2130 ΙῙ
534 2100 565 2122 14
585 2097 621 2122 ad
640 2106 662 2123 v.
684 2100 734 2123 392
755 2097 826 2123 Vani
846 2098 988 2131 parentes]
1014 2098 1061 2130 qui
1081 2106 1123 2123 res
1142 2098 1227 2123 falsas
1247 2099 1275 2124 et
1294 2098 1390 2124 inanes

112 2131 222 2158 (locent.
241 2132 287 2165 Pu
301 2141 363 2157 mxi
383 2142 501 2158 nocvfflus
522 2141 652 2157 mum-res
673 2153 678 2158 .
695 2153 700 2157 .
716 2153 721 2158 .
742 2133 817 2165 quod
835 2134 928 2159 autem
943 2133 1012 2159 dicit
1027 2133 1091 2158 vani
1107 2141 1154 2159 om.
1171 2133 1197 2158 B
1212 2134 1221 2166 ΙΙ
1237 2137 1269 2159 15
1290 2133 1390 2159 dixisse

114 2166 137 2192 C
162 2175 196 2193 ne
220 2167 371 2194 divinando
395 2167 447 2194 dea
472 2176 529 2194 osse
554 2168 677 2193 omittens
699 2169 708 2201 ΙΙ
730 2168 872 2194 uideretur
890 2168 915 2194 L
939 2170 980 2201 (at
1003 2169 1161 2194 crederetur
1183 2177 1314 2202 superser.
1340 2170 1358 2201 I)
1382 2198 1383 2202 Ἰ

114 2205 145 2228 17
166 2203 216 2228 aut
233 2203 382 2236 hypallage
403 2205 445 2229 est
465 2224 470 2229 .
489 2224 493 2228 .
510 2224 515 2228 .
536 2204 585 2228 aut
604 2204 678 2228 certe
698 2202 762 2229 vani
781 2204 910 2236 parentes
929 2212 978 2229 om.
999 2204 1031 2229 H
1043 2204 1052 2237 ΙΙ
1075 2207 1106 2229 19
1127 2204 1179 2230 soli
1197 2204 1278 2230 ibant
1296 2205 1322 2229 B
1342 2213 1390 2237 per

113 2237 259 2263 obscuram
278 2238 389 2264 noctem
408 2239 532 2264 omittens
555 2240 564 2271 ΙΙ
587 2241 620 2264 20
645 2240 673 2264 et
697 2247 746 2272 per
764 2239 817 2264 hoc
838 2260 843 2264 .
860 2260 865 2264 .
882 2260 887 2265 .
907 2239 989 2265 multi
1008 2241 1106 2265 volunt
1129 2248 1179 2265 om.
1198 2240 1223 2265 L
1243 2241 1284 2272 (ιή
1304 2248 1387 2273 mara.

113 2273 176 2299 add.
196 2274 214 2306 l)
237 2275 246 2306 ΙΙ
269 2276 301 2299 21
322 2274 467 2308 augurium
489 2274 511 2299 Ο
531 2275 540 2307 ΙΙ
564 2277 596 2299 ‘32
624 2274 730 2300 efectus
748 2274 775 2299 B
798 2275 807 2307 ΙΙ
831 2278 863 2300 ’23
884 2283 955 2300 nane
976 2274 998 2300 C
1019 2277 1097 2307 (corr.
1119 2276 1176 2302 end.
1197 2276 1242 2306 m.)
1265 2277 1274 2308 ΙΙ
1297 2275 1388 2308 iugur-

111 2307 192 2334 thino
213 2308 247 2333 (72
267 2310 276 2342 ΙΙ
299 2312 333 2334 24
353 2311 483 2342 quaestus
504 2309 526 2335 C
546 2310 555 2342 Η
579 2312 612 2335 ‘25
633 2309 715 2343 vana]
736 2318 824 2336 ucaua
845 2309 867 2335 G
883 2311 892 2343 ss
915 2310 1026 2336 miseria
1046 2319 1078 2336 ea
1099 2311 1121 2336 G
1139 2311 1181 2343 (efi
1201 2311 1244 2339 (Q)
1266 2312 1275 2343 Η
1297 2314 1329 2336 -26
1349 2310 1389 2336 fa—

113 2344 188 2369 ceret
205 2352 254 2369 ⁰111.
276 2344 299 2370 C
319 2345 328 2378 ΙΙ
351 2345 486 2371 sermione
507 2345 529 2370 C
549 2346 559 2378 ΙΙ
583 2348 614 2371 27
635 2347 731 2378 arguet
754 2345 775 2370 C

1141 2390 1176 2415 0*

1415 691 1447 713 10

1415 958 1446 980 15
