1690 2611
533 122 641 149 VERG.
663 123 702 149 IN
721 113 834 149 ὀοΜΜ.
855 122 938 150 AEN.
958 123 992 150 v.
1012 125 1125 149 23—32.
1400 121 1464 152 593

191 205 314 237 viculae
339 207 371 236 et
394 206 484 237 misit
507 215 569 246 quo
592 205 659 236 fors
683 204 821 235 tulisset.
863 215 926 245 qua
950 204 1057 235 delata
1082 204 1121 235 ad
1141 203 1294 245 Siciliam,
1319 203 1464 235 Crinisus

189 259 305 290 fluvius
330 259 504 290 concubuit
527 270 599 290 011111
623 270 661 290 ea
684 269 857 290 conversus
881 258 915 289 111
939 268 1059 299 canem,
1084 257 1166 289 unde
1186 257 1319 289 Acestes
1339 260 1389 289 est
1407 270 1464 289 na-

187 314 254 343 tus:
284 313 343 354 vel,
366 315 401 344 nt
422 313 604 353 quibusdam
630 313 761 352 videtur,
784 312 916 352 Aqestes.
962 311 1054 342 liuius
1081 312 1126 342 rei
1153 314 1187 342 nt
1214 314 1287 343 esset
1314 312 1463 343 indicium

185 376 238 397 aes
260 377 328 397 cnm
352 366 450 407 effiyie
473 367 559 398 canis
576 375 757 406 percussum
780 364 878 397 Siculi
900 364 1079 396 habuerunt.
1126 365 1184 395 alii
1207 365 1312 396 dicant
1334 365 1462 396 Laome-

186 420 306 451 dontem
329 430 427 460 regem
452 420 672 458 Troianorum,
696 429 764 450 enm
784 419 919 459 ¹qraviter
942 419 1018 449 cives
1040 419 1091 449 sui
1114 418 1151 449 ab
1171 420 1239 456 ecto,
1262 419 1297 450 id
1314 421 1358 450 est
1376 419 1463 450 belua

186 474 326 510 marina,
354 473 574 513 infestarentur
590 475 753 513 propterea
780 473 862 512 qnod
887 472 1049 503 mercedem
1073 472 1215 512 Neptuno
1239 471 1274 503 ob
1296 472 1463 511 fabricatos

185 537 290 558 muros
312 529 454 568 neyasset,
478 527 520 558 ad
543 526 686 566 templum
713 526 801 558 Iovis
823 526 988 557 Ammonis
1015 526 1158 557 scitatum
1186 526 1305 556 misisse
1327 526 1363 556 dc
1386 526 1463 557 mali

186 581 316 612 remedio
340 580 385 612 rel
406 581 475 620 fine.
521 580 571 611 cni
593 590 662 611 cnm
685 582 759 611 esset
781 589 971 620 responsum,
998 581 1033 610 ut
1054 579 1155 619 filiam
1177 588 1267 609 snam
1291 579 1462 610 Hesionam

185 633 287 665 belnae
310 634 438 673 offerret,
461 636 489 664 et
510 633 564 664 lioc
586 644 606 664 a
629 633 742 665 civibus
763 633 863 672 faeere
886 635 1050 673 coyeietnr,
1076 632 1143 671 fore
1165 633 1320 672 respondit
1341 633 1369 663 si
1392 635 1462 664 ante

184 697 288 718 eorum
311 687 396 728 filias
418 687 521 719 beluae
544 687 711 718 obiecisset:
735 697 793 726 quo
814 686 897 726 facto
920 697 988 717 cum
1005 686 1113 726 plnres
1134 686 1258 726 puellae
1285 696 1305 716 a
1328 688 1387 717 ceto
1411 686 1460 717 ab·

168 736 321 781 ‘sumptae
343 743 446 781 essent,
465 740 603 780 plerique
620 742 764 780 parentes
790 740 874 780 filias
901 740 935 771 in
959 740 1126 780 lonqinqna
1148 740 1309 777 miserunt,
1337 749 1373 770 cac
1396 740 1460 779 qni-

183 794 239 826 bus
261 805 325 826 una
349 795 369 834 †
382 795 461 826 troia
484 794 606 826 nomine
628 794 722 825 silvae
745 796 863 834 aeyesta
886 793 988 825 delata
1011 794 1046 824 in
1064 793 1207 825 Siciliam
1230 795 1281 830 est,
1304 795 1333 823 et
1353 803 1373 823 a
1393 792 1459 824 Cri-

184 848 261 888 niso,
284 848 363 879 sicut
384 848 497 879 dictum
521 849 571 888 cst,
595 857 755 887 conpressa
778 847 873 878 edidit
890 847 1037 878 Acestem.
1074 846 1131 878 alii
1149 847 1256 877 dicunt
1273 846 1459 878 Laomedon—

183 903 248 942 tem,
272 911 349 942 enni,
372 901 451 933 sicut
472 903 638 932 narratum
662 903 713 941 est,
732 902 858 940 propter
880 900 981 940 filiam
1003 910 1093 931 suam
1112 900 1289 931 seditionem
1308 910 1328 931 a
1346 900 1460 931 civibus

177 954 360 995 pertulisset,
384 964 482 985 unum
500 954 536 985 de
552 954 706 995 Troianis,
726 956 877 984 auctorem
895 953 1060 993 seditionis,
1079 954 1219 985 occidisse
1236 954 1377 994 filiasque
1395 954 1459 985 eius

181 1008 398 1039 mercatoribus
420 1008 613 1048 eoeponendas
636 1008 758 1048 dedisse,
782 1017 800 1037 a
825 1006 934 1046 quibus
960 1007 1030 1038 illac
1052 1007 1087 1038 <in
1111 1006 1221 1038 Sicilia
1238 1017 1334 1046 prope
1358 1006 1458 1038 Crini-

180 1072 250 1093 sum
272 1072 394 1093 amnem
416 1061 538 1092 relictae
559 1064 639 1099 sunt,
662 1071 795 1101 quarum
825 1060 873 1092 ille
895 1071 992 1091 unam
1015 1061 1050 1091 in
1073 1070 1178 1091 canem
1201 1070 1359 1092 conversus
1382 1070 1458 1092 com-

173 1116 295 1155 pressit.
341 1115 467 1155 qnidam
494 1115 600 1146 dicant
626 1115 773 1155 Eyestam
800 1124 952 1145 reversam
979 1114 1012 1144 in
1041 1114 1274 1145 matrimmzinm
1304 1124 1325 1145 a
1357 1114 1458 1155 Capye

178 1169 314 1209 ductam,
338 1179 374 1200 ca:
397 1168 506 1208 quibus
521 1168 676 1199 Anchisen
699 1170 816 1199 nat-nm.
886 1175 1019 1198 SERVAT
1043 1167 1092 1198 liic
1114 1169 1212 1205 tenet,
1236 1170 1271 1198 ut
1292 1167 1377 1208 <VII
1391 1168 1455 1208 52>

180 1224 217 1253 et
240 1224 375 1253 tantas
401 1221 582 1253 servabat
605 1221 695 1252 filia
719 1221 840 1252 sedes:
863 1221 908 1252 vel
931 1223 1006 1252 certe
1030 1220 1161 1252 ‘servat'
1185 1221 1279 1253 habet.

268 1276 320 1307 31.
357 1288 465 1307 <memo
485 1287 695 1307 CONPLEGTITVR
716 1287 782 1306 OSSA
806 1275 896 1314 qnasi
923 1274 960 1305 de
982 1276 1080 1305 matre
1102 1275 1189 1306 dixit.
1235 1277 1263 1305 et
1289 1275 1456 1314 quaeritur,

178 1340 233 1361 cnr
259 1329 314 1361 lioc
341 1329 529 1367 Palinurus,
558 1339 626 1360 cum
655 1329 698 1360 ad
723 1328 865 1360 Siciliam
892 1328 1033 1359 suaderet
1055 1328 1213 1366 devertere,
1237 1338 1298 1359 non
1326 1329 1456 1360 dimerit:

139 1384 144 1389 “
178 1383 241 1414 nisi
262 1383 340 1422 forte
362 1383 443 1423 qnod
469 1383 567 1414 luctas
589 1382 726 1413 Aeneam
754 1381 887 1413 noluerit
918 1382 1092 1422 admonere,
1120 1384 1245 1422 propter
1275 1383 1355 1422 qnod
1386 1386 1456 1414 ante

179 1436 248 1476 <111
280 1437 364 1477 707>
397 1436 517 1467 Aeneas
549 1446 644 1467 cansa
675 1436 783 1467 mortis
808 1437 959 1475 paternae
992 1435 1134 1467 Siciliam
1172 1445 1258 1466 oram
1295 1436 1454 1468 inlaetabi-

179 1490 235 1521 lem
258 1490 378 1521 dioeerit.

267 1543 318 1574 32.
356 1551 506 1575 SECVNDI
531 1551 681 1574 ZEPHYRI
711 1543 871 1584 quomodo,
904 1543 933 1574 si
956 1545 1114 1583 tempestas
1141 1543 1206 1574 est?
1235 1544 1286 1575 secl
1313 1544 1377 1575 iam
1407 1555 1454 1575 se-

179 1596 273 1628 cundi
296 1599 370 1638 post
394 1597 635 1628 conversionem
659 1597 759 1627 navis.

251 1679 264 1701 1
284 1675 350 1702 foris
370 1676 403 1701 H
423 1677 431 1710 ΙΙ
459 1676 525 1710 qua]
550 1684 612 1701 cum
636 1683 691 1708 qua
710 1674 809 1701 FOM
830 1676 839 1709 11
868 1674 1043 1709 crisss'ssnisus
1068 1675 1155 1701 tribus
1175 1675 1271 1701 litteris
1294 1677 1380 1702 erasis
1398 1677 1430 1702 N

178 1715 193 1737 2
214 1720 275 1737 cum
295 1720 328 1738 ea
347 1719 396 1737 om.
417 1711 515 1737 FCM
537 1712 545 1746 ΙΙ
573 1712 679 1737 acestes
698 1712 779 1737 natus
799 1713 842 1737 est
861 1710 918 1736 FC
948 1711 991 1737 est
1009 1712 1115 1737 acestes
1136 1712 1218 1737 natus
1237 1711 1270 1736 N
1290 1712 1298 1745 Η
1326 1712 1451 1746 Acestes]

177 1748 267 1773 aestas
286 1747 319 1772 H
343 1748 351 1781 ΙΙ
379 1750 394 1773 3
414 1748 531 1781 Agestes
550 1747 580 1773 F
597 1750 621 1773 et
639 1747 755 1773 Daniel:
784 1746 903 1780 Egestas
924 1745 1109 1772 C'ommelinns.
1142 1746 1215 1772 unde
1240 1755 1322 1780 supra
1347 1747 1369 1780 (I
1389 1750 1451 1779 550)

179 1782 310 1809 ‘Troiano
330 1791 347 1809 a
366 1782 500 1816 sanguiue
520 1782 610 1809 clarus
629 1782 755 1809 Acestes’
777 1783 839 1808 add.
862 1782 1017 1808 Masvicz'us
1044 1783 1052 1816 ΙΙ
1080 1785 1096 1807 4
1116 1790 1162 1808 aes
1182 1790 1245 1808 cum
1264 1782 1394 1816 effugiem
1415 1783 1451 1815 F,

178 1826 246 1844 corr.
257 1818 402 1852 Hayenus:
421 1818 555 1844 iudicium
569 1819 628 1852 (sic)
644 1839 737 1845 .....
749 1820 764 1835 *
784 1817 905 1851 effigiem
920 1817 996 1843 canis
1015 1826 1176 1851 percussum
1186 1817 1290 1844 Daniel
1308 1818 1450 1852 indicium,

176 1863 320 1879 nummum
339 1853 431 1888 effigie
450 1854 526 1880 canis
546 1862 705 1887 percussum
726 1853 868 1880 Cluverius
888 1853 964 1879 Sicil.
985 1856 1040 1879 ant.
1059 1862 1086 1886 p.
1103 1857 1163 1885 256,
1175 1857 1205 1879 51
1227 1856 1251 1879 et
1271 1854 1451 1881 Commclinns

176 1889 323 1922 indicium,
342 1889 371 1915 111
390 1898 502 1916 nummo
522 1889 642 1923 effigiem
657 1889 733 1915 canis
751 1897 911 1923 percussam
927 1889 959 1915 G.
975 1889 1085 1915 lossizis
1099 1891 1107 1923 ΙΙ
1122 1889 1259 1915 abuerunt
1273 1889 1302 1914 F
1314 1891 1322 1923 ΙΙ
1337 1890 1450 1922 quidam

177 1926 288 1958 praeter
307 1925 381 1958 quod
400 1924 505 1951 seruius
525 1925 621 1951 dicunt
638 1925 845 1951 laomedontem
865 1932 959 1958 regem
979 1947 984 1952 .
1001 1946 1007 1952 .
1023 1947 1028 1951 .
1048 1925 1181 1950 anchisen
1199 1926 1296 1950 natum
1316 1926 1346 1950 in
1365 1934 1448 1959 maisy.

177 1961 228 1993 inf.
252 1960 276 1985 Τ
291 1961 299 1994 ΙΙ
323 1963 338 1986 5
358 1961 438 1986 coeto
457 1960 518 1986 FT
543 1969 575 1987 eo
595 1962 657 1986 ceto
676 1960 779 1986 Daniel
796 1961 903 1993 primns
921 1961 930 1994 ss
954 1963 968 1986 7
989 1960 1161 1986 sciscitatum
1184 1960 1208 1985 T
1223 1961 1231 1994 ΙΙ
1254 1960 1375 1987 mississe
1396 1961 1425 1986 F

177 1999 192 2022 8
212 1995 347 2022 iesionam
366 1995 396 2021 F
407 1997 416 2029 ΙΙ
438 1998 469 2021 10
489 1997 647 2029 assumptae
667 1995 696 2021 F
713 1997 721 2029 ΙΙ
744 1999 774 2021 12
794 1995 866 2022 troia
885 1995 995 2022 nomine
1015 1995 1102 2022 siluae
1122 1996 1236 2029 aegesta
1255 1995 1285 2021 F
1309 1996 1382 2022 troia
1400 2006 1449 2023 no-

177 2031 251 2057 mine
270 2031 329 2057 filia
347 2033 460 2065 egestae
483 2031 507 2056 T
532 2031 653 2057 Troiana
671 2031 782 2057 nomine
803 2031 890 2057 Silvia
908 2032 1031 2065 Aegesta
1051 2031 1256 2058 Oluveriasil.
1286 2032 1448 2064 Τ1·01·1,110

176 2066 250 2093 mine
266 2067 387 2101 Aegesta,
406 2067 585 2093 Commelinus
612 2066 696 2093 Troia
714 2067 825 2093 nomine
845 2066 961 2101 Segesta
980 2067 1024 2093 vel
1039 2067 1143 2100 Egesta
1162 2068 1230 2094 coni.
1246 2067 1386 2100 Hayenus.
1414 2068 1449 2093 ad

177 2102 371 2137 cognominem
395 2102 449 2128 sibi
468 2102 600 2136 Egestam
618 2102 648 2128 in
667 2101 761 2128 Sicilia
781 2102 875 2129 delata
881 2088 936 2128 ¹³est
954 2102 990 2128 F
1005 2102 1160 2129 Schoellius.
1189 2103 1252 2135 sort
1272 2103 1449 2136 Hippostlati

177 2138 242 2170 filia,
261 2138 374 2164 nomine
394 2138 496 2172 Egesta
514 2139 548 2170 cf
564 2138 601 2164 ad
614 2138 626 2163 Ι
639 2140 689 2164 550
709 2139 745 2171 (p.
762 2141 821 2171 169,
833 2141 865 2164 20
880 2137 932 2171 11111
951 2137 1042 2164 sicilia
1060 2138 1155 2164 delata
1174 2139 1216 2164 est
1238 2138 1281 2172 ΤΗ
1296 2138 1385 2164 sicilia
1399 2138 1429 2163 F

177 2173 278 2200 criniso
301 2173 334 2199 T:
354 2173 479 2200 car'moso
497 2173 526 2199 F
538 2174 546 2207 ΙΙ
563 2177 594 2199 13
613 2173 820 2200 laomedontem
835 2173 864 2199 F
877 2174 885 2208 ΙΙ
902 2176 932 2199 15
947 2173 1095 2207 pertulisse
1113 2174 1137 2199 T
1148 2175 1156 2208 ΙΙ
1171 2174 1275 2200 1111111111]
1294 2174 1318 2199 T
1329 2175 1337 2207 Η
1354 2177 1385 2200 16
1400 2174 1448 2199 ille

177 2209 207 2235 F
219 2210 228 2243 Ι]
242 2209 383 2236 crimisum
402 2209 432 2235 F
444 2211 452 2243 ΙΙ
475 2212 506 2235 17
526 2217 610 2235 unam
632 2209 666 2234 T:
684 2218 770 2235 unum
790 2209 819 2234 F
844 2218 900 2235 una
918 2209 1020 2235 Daniel
1034 2210 1042 2243 11
1057 2217 1125 2235 cane
1145 2209 1174 2235 F
1186 2211 1194 2243 ss
1209 2209 1373 2242 compressit
1391 2209 1452 2234 FT

177 2253 333 2279 compressa
342 2245 445 2271 Daniel
459 2246 467 2279 11
483 2248 515 2271 18
531 2246 673 2278 aegestam
683 2244 713 2270 F
725 2246 733 2279 ΙΙ
748 2253 765 2271 a
779 2244 872 2279 Capye
887 2244 999 2271 ductam
1013 2253 1062 2271 om.
1075 2245 1100 2271 T
1110 2246 1118 2279 Η
1133 2254 1220 2278 capue
1232 2244 1262 2270 F
1274 2246 1282 2279 Η
1299 2248 1329 2270 19
1345 2245 1448 2271 dictam

179 2280 208 2306 F
225 2281 302 2313 (corr
323 2281 380 2307 ead.
400 2281 483 2313 man)
499 2282 506 2314 ΙΙ
522 2288 555 2306 ex
573 2280 685 2314 quibus]
706 2282 734 2306 et
753 2288 786 2306 ex
805 2288 838 2306 ea
860 2280 884 2306 T
896 2281 904 2314 ΙΙ
923 2280 1034 2307 ancisen
1054 2281 1083 2306 F
1095 2282 1103 2315 ΙΙ
1122 2282 1153 2307 ut
1172 2282 1200 2307 et
1219 2281 1258 2306 L.
1278 2282 1305 2306 et
1324 2280 1452 2306 FGNH

177 2316 208 2341 ut
223 2316 260 2341 M
272 2317 281 2350 fl
296 2319 327 2342 22
345 2316 481 2342 divertere
496 2316 600 2342 Daniel
613 2316 622 2350 ll
636 2319 670 2342 24
684 2315 782 2343 mortis
797 2316 913 2342 Daniel:
931 2325 1024 2343 morus
1037 2316 1067 2342 F
1079 2317 1087 2351 Η
1102 2319 1135 2343 26
1150 2316 1206 2342 iam
1223 2337 1244 2342 ..
1258 2315 1369 2350 ‚navis]
1385 2318 1450 2349 post

177 2351 386 2378 conuersionem
404 2351 512 2386 nauigii
530 2351 644 2378 secundi
661 2351 691 2377 F

1482 425 1497 448 5

1482 693 1514 716 10
