1690 2611
194 683 225 705 10

194 951 224 973 15

192 1219 225 1241 20

190 1754 223 1777 30

248 113 312 144 588
824 114 943 141 SERVII

248 197 312 226 tus:
337 197 392 226 aut
416 194 539 227 ‘certus
560 195 714 237 Aeneas',
736 196 769 227 id
794 198 843 227 est
867 196 990 237 sollers,
1015 197 1174 237 strenuus,
1196 197 1294 234 velox,
1317 199 1355 228 ut
1379 196 1416 238 <I
1436 197 1522 238 576>

247 248 420 289 equidem
444 260 510 290 per
533 249 655 280 litora
679 251 806 281 certos
831 249 1035 280 dimittam.
1104 258 1216 281 Amos
1241 258 1416 288 AQVILONE
1441 261 1520 292 quos

246 312 346 342 nuper
369 302 450 334 flans
476 302 584 344 aquilo
609 305 695 334 atros
721 303 881 343 effecerat,
906 304 942 334 ut
964 302 1031 343 <IV
1051 303 1137 343 310>
1163 305 1199 334 et
1223 303 1360 334 mediis
1384 315 1522 345 prope-

246 366 306 386 ras
331 356 582 397 aquilonibus
605 356 661 388 ire
684 368 749 398 per
769 357 898 388 altum.
935 367 1012 387 nam
1031 366 1068 387 ex
1087 356 1200 396 Africa
1218 357 1403 388 venientibus
1421 359 1523 389 auster

245 409 394 440 seczmdus
416 411 471 447 est,
496 409 600 449 aquilo
624 410 784 441 adversus:
809 420 876 449 cryso
899 409 953 440 hoo
975 410 1051 441 dicit
1071 410 1153 450 quod
1173 409 1292 451 fluctus,
1310 410 1364 450 qui
1382 411 1445 441 atri
1463 420 1523 442 esse

245 465 428 503 consuerunt
458 463 613 503 aquilonis
644 463 736 503 slata,
773 463 826 502 qui
859 464 930 493 αηίε
961 462 1091 502 flaverat
1121 464 1249 494 semmdo
1286 463 1378 504 flatu,
1415 464 1525 495 seem-it

244 516 365 548 Aeneas
379 519 518 557 smyente
531 516 668 557 zephyro,
691 519 725 547 ut
739 516 916 548 Mercurius
938 515 1006 556 <IV
1021 516 1107 556 562>
1131 527 1194 548 nec
1216 516 1390 557 zephyros
1413 517 1524 548 audis

243 570 391 609 spirare
418 571 603 602 secundos.
655 571 707 602 secl
732 570 895 611 novimus,
923 569 1128 610 tempestatis
1157 569 1240 601 hanc
1269 581 1339 601 esse
1367 571 1527 611 naturam,

240 625 280 658 ,ut
302 623 457 665 reliquias
482 624 570 655 venti
594 626 703 655 teneat
728 623 826 654 etiam
850 623 884 654 in
909 623 1043 655 alterius
1066 623 1158 664 flatu,
1181 624 1259 654 simtt
1282 623 1430 655 Lucanus
1453 623 1523 664 <III

245 677 331 718 549>
357 680 394 708 zet
415 678 585 717 quotiens
608 680 733 708 aestus
756 677 925 718 zephyris
948 677 1119 717 »surisque
1141 680 1333 718 repuynat,
1356 677 1422 709 huc
1445 677 1525 708 abe-

244 733 311 762 unt
331 731 486 772 fluetus,
511 732 603 762 illuc
626 742 734 762 mare.
781 730 902 762 ‘atros’
932 732 1041 762 autem
1069 730 1244 762 secundum
1272 730 1414 762 Plinium
1438 731 1524 772 dicit,

245 785 300 826 qui
325 785 371 816 ait
394 786 427 816 in
457 785 599 816 naturali
627 785 778 826 historia,
812 796 878 816 non
906 795 975 816 esse
1005 785 1104 816 maris
1133 786 1254 816 certum
1284 784 1437 826 colorem,
1470 784 1525 816 sed

244 849 300 879 pro
327 839 483 880 qualitate
508 840 677 869 ventorum
701 838 829 879 mutari,
854 839 886 869 et
910 839 966 869 aut
990 838 1108 869 flavum
1133 848 1215 877 esse,
1239 839 1294 869 aut
1317 837 1525 878 luculentum,

245 894 300 922 aut
324 894 439 923 atrum.

333 946 363 976 4.
401 954 611 977 CONLVCENT
638 953 790 976 FLAMMIS
816 944 924 975 lucent
947 944 1102 985 undique:
1129 944 1162 975 in
1186 943 1344 976 honorem
1368 945 1453 976 enim
1476 956 1523 976 re-

246 1009 323 1039 gum
348 1010 419 1029 cum
444 998 567 1030 facibus
592 998 826 1039 procedebatur
850 1009 869 1029 a
892 998 1026 1038 populo:
1050 997 1133 1028 unde
1158 998 1204 1029 ait
1228 998 1265 1028 de
1289 998 1437 1029 Pallante
1458 997 1525 1039 <XI

249 1052 332 1092 143>
357 1052 461 1083 lucet
485 1052 546 1083 via
570 1052 687 1093 longo
708 1051 842 1083 ordine
861 1051 1105 1083 flammarum
1127 1053 1164 1082 et
1182 1051 1260 1082 late
1280 1051 1525 1083 discriminat

246 1116 369 1147 agros.
421 1108 534 1147 postea
572 1105 669 1136 etiam
699 1105 848 1137 funebres
880 1105 1015 1137 lectulos
1046 1104 1190 1146 proferre
1224 1107 1410 1145 coeperunt:
1442 1105 1525 1136 unde

246 1161 295 1190 est
318 1160 410 1190 etiam
435 1159 468 1190 in
498 1161 588 1191 sexto
618 1159 726 1200 <873>
759 1159 819 1190 vel
848 1170 944 1200 quae
977 1158 1162 1190 Tiberine
1195 1158 1345 1190 videbis
1377 1159 1526 1200 funera,

246 1224 328 1244 cum
351 1213 540 1244 tumulum
565 1213 856 1254 praeterlabere
876 1214 1082 1252 recentem⁷
1106 1222 1179 1243 cum
1198 1211 1236 1243 de
1256 1211 1409 1244 Marcello
1428 1212 1525 1244 aedili

245 1267 373 1308 diceret,
397 1267 465 1298 filio
490 1266 609 1298 sororis
635 1266 791 1307 Augusti,
814 1265 848 1297 in
873 1265 961 1297 euius
985 1265 1142 1297 honorem
1166 1265 1227 1296 hoc
1251 1265 1371 1296 factum
1396 1267 1453 1297 est.

245 1330 336 1358 QVAE
360 1329 505 1352 TANTVM
529 1320 562 1351 in
592 1319 776 1361 quantitate
805 1321 855 1350 est
883 1319 1064 1350 admiratio.
1110 1329 1186 1350 sane
1215 1318 1379 1350 sciendum
1406 1318 1524 1350 Varro-

244 1386 318 1406 nem
343 1374 467 1415 dicere,
491 1374 635 1405 Aeneam
659 1373 699 1405 ab
724 1372 819 1404 Anna
844 1375 1000 1405 amatum:
1030 1375 1062 1404 et
1085 1372 1174 1412 licet,
1197 1374 1234 1403 ut
1258 1383 1355 1413 supra
1380 1372 1417 1413 <I
1440 1373 1525 1414 267>

245 1428 394 1469 diximus,
418 1428 594 1469 plurimum
618 1429 746 1468 tempus
772 1427 910 1468 intersit,
934 1427 1055 1458 lectum
1078 1428 1189 1458 tamen
1214 1427 1271 1457 est.

333 1482 361 1513 ὃ.
400 1490 510 1513 CAVSA
534 1490 648 1512 LATET
673 1490 757 1512 DVRI
786 1489 908 1512 MAGNO
938 1489 1002 1512 SED
1027 1488 1147 1512 AMORE
1177 1488 1338 1512 DOLORES
1367 1487 1525 1511 POLLVTO

244 1535 331 1566 ‘dure'
354 1534 486 1567 (Zolores'
511 1532 691 1575 ὑπέρθεσις
714 1537 774 1566 est:
802 1535 855 1566 sed
883 1535 1027 1574 expositio
1057 1534 1129 1565 talis
1152 1535 1210 1565 est:
1238 1533 1433 1574 ignorabant
1461 1533 1526 1573 qui-

243 1590 308 1620 dem
343 1599 472 1620 causam
503 1588 647 1626 Troiani,
679 1587 873 1619 coniecturis
904 1589 1013 1619 tamen
1044 1587 1177 1628 propius
1209 1586 1417 1618 accedebant:
1449 1597 1525 1618 nam

245 1641 335 1674 ‘duri
359 1642 487 1673 dolores
512 1652 630 1683 magno
655 1652 765 1672 amore
789 1641 941 1682 polluto’,
965 1641 997 1672 id
1022 1643 1071 1673 est
1095 1641 1197 1682 laeso,
1221 1642 1253 1672 et
1276 1642 1372 1672 notus
1392 1640 1525 1672 femina-

243 1708 313 1727 rum
338 1697 429 1727 furor
453 1695 592 1727 ducebat
616 1695 774 1726 Troianos
798 1706 856 1735 per
880 1695 973 1726 triste
998 1695 1185 1737 augurium,
1213 1694 1336 1726 scilicet
1359 1696 1395 1726 ut
1418 1694 1524 1726 crede—

243 1752 316 1781 rent
341 1761 373 1780 se
397 1749 600 1781 interemisse
624 1748 793 1780 Didonem.
839 1749 934 1780 multi
958 1749 1069 1780 dicunt
1092 1747 1246 1780 ‘ducunt'
1272 1747 1463 1789 dilacerant,
1487 1749 1523 1779 ut

243 1803 282 1834 ad
307 1814 404 1843 supra
428 1802 530 1833 dictas
550 1802 628 1833 duas
649 1813 762 1833 causas
782 1802 881 1833 tertia
900 1801 1044 1833 accedat:
1064 1801 1292 1843 percellebant‚
1316 1801 1430 1842 inquit,
1455 1801 1521 1832 ani-

244 1868 313 1887 mos
347 1856 576 1896 Troianorum,
611 1855 694 1896 quod
728 1855 944 1886 nascebantur
978 1855 1048 1886 duri
1081 1855 1208 1886 dolores
1245 1865 1353 1886 amore
1386 1854 1523 1895 polluto,

244 1910 327 1950 quod
352 1911 448 1939 notus
473 1910 542 1939 erat
570 1908 708 1939 feminae
738 1908 839 1949 furor,
872 1908 954 1949 quod
984 1908 1092 1949 ignem
1121 1908 1191 1949 rogi
1221 1908 1387 1948 videbant,
1416 1907 1447 1938 id
1472 1909 1522 1938 est

317 2009 348 2031 12
368 2015 422 2031 nou
443 2014 502 2031 esse
524 2027 528 2030 .
551 2027 555 2032 .
577 2026 582 2030 .
603 2005 693 2031 atrum
713 2012 796 2031 ea'scr.
819 2005 888 2031 Isia.
910 2013 948 2031 or.
968 2004 1032 2031 XIII
1054 2008 1094 2038 14,
1114 2008 1129 2031 3

316 2099 330 2121 ³
351 2096 473 2121 esium-at
494 2094 523 2119 ff
549 2095 645 2121 offerat
665 2094 688 2120 (J
703 2095 712 2128 ΙΙ
734 2098 749 2120 6
769 2094 864 2121 sicarit
883 2094 913 2120 F
929 2094 938 2128 ΙΙ
962 2097 993 2120 10
1013 2095 1090 2120 aestu
1109 2093 1223 2128 zephyri
1243 2101 1378 2127 eurusque
1397 2092 1428 2119 F
1442 2093 1451 2126 ΙΙ
1472 2092 1520 2118 ha-

244 2132 329 2157 beant
349 2131 377 2157 1‹'
390 2132 398 2164 ΙΙ
422 2134 449 2155 11
473 2130 530 2155 illic
551 2131 580 2155 Jv'
598 2131 607 2164 ss
631 2134 660 2155 13
682 2130 855 2156 luculentum
875 2130 995 2156 NHM:
1014 2130 1182 2156 lutulentum
1203 2129 1288 2155 FGL
1307 2129 1364 2162 (sed
1382 2128 1469 2154 lutule
1489 2128 1520 2153 in

246 2176 300 2193 ras,
321 2168 340 2200 l>
362 2168 370 2200 ΙΙ
397 2169 427 2192 14
447 2167 495 2191 aut
515 2167 604 2192 ulrum
625 2175 674 2192 mn.
692 2166 720 2191 1⁸
739 2168 748 2199 ΙΙ
774 2169 804 2191 16
825 2165 924 2192 faculis
945 2166 981 2192 M
999 2166 1008 2199 ΙΙ
1031 2169 1064 2191 20
1084 2165 1150 2191 edili
1170 2165 1237 2191 LM
1269 2163 1338 2191 editi
1357 2164 1388 2190 H
1405 2165 1414 2197 ss
1436 2162 1520 2190 aedili

244 2203 360 2237 diceret]
381 2201 532 2227 edidiceret
554 2201 581 2226 p·
598 2203 606 2235 Η
630 2205 658 2227 2]
684 2201 816 2227 honorem
836 2210 884 2227 mn.
907 2202 929 2227 G
956 2201 1059 2227 honore
1080 2202 1114 2227 M
1133 2202 1142 2235 ΙΙ
1165 2204 1199 2227 24
1218 2200 1333 2233 lectum]
1354 2201 1463 2233 tempus
1484 2199 1518 2224 M

245 2241 266 2264 (l
287 2235 389 2264 lectum
408 2246 541 2270 snper-scr.
562 2244 597 2268 m)
617 2239 625 2270 ΙΙ
647 2241 679 2262 2⁴3
699 2237 837 2270 ypertesis
858 2237 887 2262 F
903 2238 912 2271 ΙΙ
934 2234 1086 2269 ὑπέρθεσις
1106 2239 1148 2263 est
1167 2237 1214 2263 sed
1235 2234 1371 2269 expositio
1391 2234 1457 2260 talis
1477 2235 1520 2260 est

243 2275 327 2299 athlie
344 2274 498 2306 NJvpltunzcs
512 2274 521 2305 Η
537 2276 567 2298 :27
585 2273 656 2298 troia
673 2273 702 2297 J‹'
713 2274 722 2305 Η
737 2272 902 2299 coniectoris
917 2273 983 2299 ΝΜ
997 2274 1006 2306 ΙΙ
1020 2276 1053 2299 29
1069 2272 1190 2299 ducebat
1200 2272 1225 2297 L
1234 2272 1281 2297 M.-
1296 2270 1416 2296 docebat
1431 2270 1522 2296 FGN

243 2311 298 2341 (scd
318 2319 333 2335 o
353 2319 385 2335 ω,-
405 2311 557 2335 correctura
579 2308 621 2340 N)
650 2308 761 2334 (licebat
780 2308 810 2333 Il
828 2310 837 2341 ΙΙ
860 2317 910 2341 per
927 2308 1006 2334 triste
1026 2308 1185 2342 augurium]
1205 2316 1294 2333 Tum'rn
1315 2315 1362 2331 ιἰ-ικ
1382 2315 1518 2332 Avovmvm

246 2346 267 2370 L
287 2347 294 2379 ΙΙ
315 2349 343 2371 31
368 2344 561 2378 porcelebrant
580 2344 608 2368 Ν
628 2345 707 2376 (corr.
727 2344 756 2377 τι)
780 2344 958 2376 percolebant
976 2344 1006 2369 J!
