1690 2611
654 93 868 120 PRAEFATIO.
1340 91 1400 117 LXI

123 179 157 210 in
181 178 281 210 versis
308 189 389 219 quae
413 178 446 208 in
467 176 607 208 sinistris
632 175 834 216 marginibus
865 174 985 215 scripta
1009 176 1102 205 erant
1126 174 1220 205 hodie
1245 173 1310 214 legi
1334 184 1398 204 non

122 232 258 273 possint.
301 234 469 273 praeterea
491 230 598 262 ultimi
628 229 698 260 folii
722 228 855 259 dimidia
880 238 955 268 pars
971 228 1106 258 rescissa
1131 229 1189 267 est,
1213 229 1248 258 ut
1272 227 1399 258 desinat

123 286 222 317 codex
247 285 276 317 V
298 285 359 317 851
387 287 419 316 81
443 283 567 316 scholio
592 282 631 313 ad
651 293 723 313 euni
744 292 872 313 versum
893 280 1064 321 adscripto.
1103 280 1269 311 Parisinus
1294 281 1399 321 prima

122 339 312 371 membrana
337 338 468 370 orbatus
485 338 547 377 est,
571 335 686 376 incipit
711 335 794 366 enim
815 335 855 365 ab
875 335 954 365 Aen.
974 333 1021 364 VI
1045 333 1132 374 141);
1158 334 1235 364 item
1260 336 1325 365 tres
1346 345 1398 365 ex-

122 394 245 423 tremae
274 391 478 431 interierunt3
510 401 547 421 ea
579 389 663 420 enim
695 399 777 430 quae
809 388 849 419 ab
881 387 1015 428 antiqua
1046 398 1143 417 manu
1175 387 1293 427 scripta
1325 389 1399 418 sunt

123 445 274 476 desinunt
298 444 377 475 Aen.
398 443 459 475 ΧΠ
474 443 547 474 819.
589 453 687 473 unum
712 441 824 473 folium
845 440 988 471 additum
1009 442 1058 470 est
1083 440 1165 480 (111011
1191 451 1301 471 versus
1322 441 1396 471 duo-

123 498 396 540 dequinquaginta
425 497 478 537 qui
503 498 680 537 sequuntur
710 507 728 526 a
752 494 930 526 recentiore
960 504 1057 524 manu
1087 493 1222 533 scriptos
1248 494 1397 525 continet.

122 563 162 583 ne
190 551 337 583 Danielis
372 550 498 592 quidem
532 551 638 580 aetate
672 549 770 580 codex
802 548 928 590 integer
961 547 1037 578 fuit:
1071 557 1147 577 nam
1181 557 1261 587 quae
1295 546 1349 577 ille
1380 558 1397 577 a

123 616 217 637 versu
242 604 303 636 819
337 604 469 645 vulgato
504 602 735 634 commentario
770 601 892 633 addidit
920 612 936 632 e
965 600 1144 631 Turonensi
1177 599 1279 640 petita
1313 602 1396 630 sunt.

123 660 263 689 ceterum
288 656 472 688 Parisinum
497 667 582 687 anno
610 656 708 697 1857,
732 655 927 686 Bernensem
953 664 1035 685 anno
1055 654 1138 685 1876
1155 653 1287 684 excussi.
1317 664 1397 694 quae

122 711 159 741 de
183 711 288 742 forma
312 712 343 741 et
366 710 481 741 habitu
502 721 612 741 eorum
637 710 670 740 in
701 720 806 740 meum
836 719 930 739 11311111
956 707 1186 738 adnotaveram
1211 707 1356 748 supplevi
1381 718 1397 737 e

121 763 287 795 Thomasii
303 762 647 804 commentationibus3
672 763 698 793 is
715 762 801 793 enim
817 762 938 803 primus
960 760 1039 791 vidit
1055 760 1238 791 Parisinnm
1263 760 1398 790 alteram

122 828 190 848 esse
213 817 427 849 Floriacensis
456 816 574 847 codicis
599 818 732 856 partem.
775 815 971 846 Bernensem
1001 816 1075 845 ante
1100 824 1150 844 1118
1175 813 1312 844 contulit
1336 812 1398 843 Ha-

121 880 221 911 genus
255 882 343 902 meus
373 870 427 912 qui
461 880 541 911 quae
575 868 788 909 exscripserat
822 879 947 899 mecum
979 867 1236 898 communicavit.
1278 877 1293 896 e
1324 877 1398 897 con-

120 923 248 955 iecturis
269 935 349 965 quae
373 924 448 954 dum
473 923 614 954 codicem
636 922 822 953 conferebat
847 922 877 952 ei
902 921 934 952 in
955 924 1096 952 mentem
1120 922 1290 960 venerunt,
1317 931 1396 960 quas

121 977 278 1018 excerptis
313 977 441 1018 adiecit,
476 988 530 1008 eas
563 976 691 1007 1101111118
725 975 865 1006 auctoris
900 975 1009 1005 addito
1040 973 1287 1005 commemoravi
1317 984 1396 1014 quas

120 1030 226 1071 ipsum
251 1032 577 1062 commemoraturum
603 1040 672 1060 esse
696 1029 863 1070 putabam.

209 1082 290 1115 Cum
310 1084 493 1115 Parisinum
519 1082 603 1114 7929
629 1082 842 1113 Floriacensis
875 1081 1064 1113 monasterii
1090 1081 1167 1112 olim
1196 1080 1295 1112 fuisse
1327 1091 1396 1111 con*

120 1139 197 1178 stet,
221 1148 286 1168 non
309 1137 375 1169 iam
400 1136 539 1168 dubitari
564 1138 673 1177 potest
700 1136 776 1177 quin
801 1135 974 1166 Bernensis
1007 1135 1067 1165 167
1093 1134 1238 1165 Danielis
1264 1134 1397 1164 Autis-

120 1190 363 1222 siodorensis
398 1190 448 1221 sit.
488 1190 627 1230 scriptus
660 1192 708 1220 831
739 1189 820 1220 liber
852 1189 979 1219 saeculo
1009 1188 1132 1218 decimo
1157 1187 1189 1218 in
1215 1188 1279 1217 214
1299 1198 1396 1218 1118111-

120 1244 237 1276 branis.
279 1244 357 1276 folia
382 1242 529 1274 δι’-ΞΝ
553 1243 713 1280 bucolica,
742 1242 796 1273 fol.
821 1240 992 1272 :mh—331³
1024 1236 1272 1282 georgicanol.
1297 1241 1393 1270 ,91488-

118 1296 198 1328 ‘214¹‘
223 1297 375 1329 Aeneidis
400 1295 523 1328 I—XII
550 1296 610 1327 771
637 1295 767 1327 habent.
810 1295 962 1326 bucolicis
988 1296 1019 1325 et
1043 1293 1201 1335 georgicis
1221 1293 1395 1325 Bernensis

119 1350 370 1382 commentarius
390 1349 423 1381 in
438 1349 638 1390 marginibus
656 1348 783 1380 additus
805 1350 863 1379 est.
906 1359 986 1389 quae
1011 1348 1044 1378 in
1069 1347 1173 1388 primo
1200 1349 1231 1378 et
1257 1347 1395 1378 secundo

119 1403 270 1434 Aeneidis
295 1403 378 1434 libro
403 1402 436 1433 in
461 1402 662 1442 marginibus
688 1404 719 1433 et
744 1402 826 1433 111181·
856 1413 966 1432 versus
997 1401 1159 1441 adscripta
1187 1400 1396 1431 inveniuntur

119 1459 175 1488 aut
200 1468 218 1487 a
236 1456 347 1488 Servio
373 1456 475 1496 petita
501 1458 556 1486 aut
581 1455 620 1486 ab
645 1455 774 1486 homine
796 1454 891 1486 medii
916 1454 986 1485 aevi
1005 1454 1150 1495 profecta
1175 1456 1260 1484 sunt:
1285 1465 1300 1484 e
1321 1453 1395 1484 Ful-

118 1509 209 1540 densi
233 1509 465 1540 commentario
490 1508 573 1539 nihil
598 1508 823 1549 depromptum
849 1519 918 1538 esse
943 1507 1017 1538 vidi.
1060 1510 1171 1538 contra
1196 1507 1267 1537 inde
1293 1518 1311 1537 a
1335 1509 1394 1538 181·-

116 1562 163 1593 110
188 1562 415 1593 libro'scholia
440 1573 458 1593 a
478 1561 612 1593 Daniele
633 1573 648 1592 e
668 1561 865 1592 Floriacensi
891 1561 977 1591 edita
1002 1560 1126 1591 adsunt.
1166 1560 1218 1590 sed
1240 1559 1394 1601 Hagenus

117 1616 302 1647 observavit
327 1617 363 1646 ut
387 1616 418 1646 in
444 1615 597 1646 bucolicis
623 1618 655 1646 et
679 1615 839 1656 georgicis
859 1614 906 1645 ita
931 1614 963 1644 in
984 1613 1135 1644 Aeneidis
1156 1613 1279 1643 III—V
1303 1613 1394 1644 libris

117 1680 154 1699 ea
178 1671 305 1700 tantum
338 1669 461 1700 scholia
492 1668 553 1700 hoc
582 1669 688 1700 codice
721 1668 878 1699 contineri
908 1678 988 1709 quae
1017 1667 1050 1697 in
1080 1667 1211 1698 sinistro
1242 1667 1394 1708 cuiusque

116 1723 254 1763 paginae
278 1722 452 1753 Bernensis
481 1722 542 1753 172
562 1721 707 1763 margine
729 1721 849 1762 scripta
875 1722 994 1761 essent,
1021 1722 1116 1761 atque
1141 1720 1273 1751 eandem
1298 1721 1391 1751 ratio-

116 1787 189 1806 nem
222 1776 307 1807 inter
348 1775 640 1807 Autissiodorensis
680 1777 711 1806 et
745 1774 883 1806 Parisini
919 1774 1003 1805 7929
1043 1773 1166 1805 scholia
1198 1774 1393 1804 intercedere

117 1828 310 1860 Thomasius
341 1829 429 1860 vidit.
472 1829 544 1860 inde
577 1828 665 1869 sequi
690 1828 807 1859 dixeris
839 1839 876 1858 ex
908 1827 978 1868 ipso
1012 1827 1211 1858 Floriacensi
1236 1826 1392 1858 Autissio-

118 1882 285 1913 dorensem
320 1882 515 1923 descriptum
545 1893 628 1920 esse,
662 1884 758 1923 atque
790 1882 823 1912 in
848 1881 1000 1912 Aeneidis
1031 1880 1121 1911 libris
1146 1880 1269 1911 III—V
1301 1882 1393 1911 tanta

117 1946 193 1966 sane
219 1937 268 1966 est
292 1935 376 1965 inter
401 1935 566 1976 utriusque
592 1935 709 1966 codicis
736 1934 912 1975 scripturas
943 1933 1134 1975 similitudo,
1166 1936 1201 1964 ut
1231 1933 1268 1964 de
1298 1944 1335 1963 ea
1360 1944 1392 1963 re

115 1999 179 2019 non
206 1988 353 2020 videatur
378 1988 518 2019 dubitari
547 1999 650 2029 posse.
700 1987 855 2029 Hagenus
879 1990 989 2019 tamen
1014 1998 1084 2018 cum
1116 1987 1149 2017 in
1173 1986 1391 2018 bucolicorum

116 2044 147 2073 et
164 2041 389 2083 georgicorum
408 2040 538 2072 scholiis
550 2041 688 2072 maiores
700 2041 930 2081 discrepantias
940 2040 1221 2072 animadvertisset
1234 2052 1270 2071 ex
1281 2039 1390 2070 eodem

115 2095 290 2136 archetypo
307 2096 476 2135 utrumque
492 2094 609 2125 librum
624 2094 752 2125 fluxisse
769 2094 893 2125 statuit.
935 2094 1003 2134 ipse
1033 2094 1100 2125 eius
1121 2093 1308 2125 testimonia
1328 2103 1390 2123 11011

114 2148 235 2189 protuli
269 2147 333 2178 nisi
366 2147 399 2178 in
427 2147 506 2178 locis
541 2147 670 2188 gravius
710 2147 870 2188 corruptis
904 2148 960 2177 aut
993 2147 1049 2178 ubi
1080 2158 1160 2188 quae
1194 2147 1226 2177 in
1260 2146 1390 2177 sinistro

188 2276 213 2308 1)
233 2274 367 2302 Pithoeus
395 2273 441 2301 fol.
465 2276 493 2300 1²
513 2281 599 2307 marg.
624 2272 671 2299 inf.
696 2273 765 2300 haec
785 2272 930 2300 adnotavit
956 2273 1074 2300 ‘Desunt
1098 2273 1292 2307 quaterniones
1316 2272 1340 2297 X
1363 2274 1391 2298 et

113 2313 212 2340 folium
232 2323 317 2340 unum
331 2313 484 2340 undecimi.

1413 1073 1556 1092 Autisniodo-

1436 1106 1516 1119 1811313,
