1690 2611
223 99 270 126 LX
753 101 967 128 PRAEFATIO.

224 182 277 222 qui
302 184 434 213 vocatur
458 183 711 214 commentarius
736 182 917 224 adscriptus
927 185 1007 224 .est,
1037 183 1076 214 ad
1100 183 1240 224 primum
1268 185 1300 214 et
1324 184 1497 216 secundum

222 235 376 266 Aeneidis
402 235 520 267 librum
543 235 625 267 nihil
650 238 699 268 est
723 236 930 277 adnotatum,
955 236 1042 267 tertii
1063 237 1095 267 et
1114 247 1225 267 eorum
1245 237 1299 277 qui
1323 240 1500 279 sequuntur

222 289 378 319 librorum
404 289 565 331 margines
590 289 617 320 is
642 289 890 321 commentarius
915 289 1099 330 occupavit⁷
1123 300 1217 330 quem
1236 289 1352 321 Daniel
1375 292 1499 332 primus

223 341 332 373 edidit.
370 342 403 373 in
427 343 600 384 exemplari
626 354 663 374 ex
693 354 755 384 quo
784 343 837 374 1110
865 342 948 374 liber
979 343 1157 384 exscriptus
1187 345 1237 374 est
1265 343 1403 385 Vergilii
1434 356 1501 376 car-

221 395 309 426 mina
333 397 365 426 et
390 396 514 428 scholia
539 396 650 428 eodem
676 396 785 428 ordine
805 396 954 427 videntur
973 395 1132 437 disposita
1150 396 1258 428 fuisse.
1290 397 1388 438 quid?
1414 398 1498 439 quod

223 448 345 480 scholia
380 449 490 481 eadem
523 450 557 481 ni
590 450 688 481 fallor
720 450 845 480 ratione
879 460 936 490 per
969 449 1132 490 margines
1166 449 1340 482 distributa
1362 450 1501 483 fuerunt.

222 502 350 543 saepius
375 503 478 541 enim,
502 503 535 534 111
559 504 656 534 tertio
673 503 811 534 maxime
827 504 860 533 et
879 504 994 544 quarto
1012 502 1110 544 libro,
1135 514 1327 545 quamquam
1344 504 1378 535 in
1398 504 1500 536 altero

221 555 367 597 margine
393 556 472 587 satis
497 556 593 597 spatii
619 556 658 586 ad
689 555 892 587 scribendum
921 555 1069 587 relietum
1100 558 1199 597 esset,
1228 557 1364 588 alterum
1393 559 1498 589 totum

220 608 391 649 impletum
416 610 606 650 litterasque
632 611 787 650 quantum
811 609 882 640 fieri
896 610 1025 650 poterat
1046 611 1078 640 et
1093 609 1235 641 minutas
1261 612 1292 642 et
1316 613 1498 651 contractas

219 673 288 694 esse
312 663 467 694 videmus.
510 663 648 704 Vergilii
665 663 761 694 verba
777 665 808 694 et
823 663 946 694 scholia
961 663 1002 694 ab
1019 663 1146 705 eodem,
1170 665 1205 695 ut
1220 663 1358 703 videtur,
1379 665 1499 706 scripta

221 718 305 747 sunt.
342 717 453 757 paucis
478 719 606 748 tantum
632 716 712 747 locis
736 716 801 747 alia
826 727 952 758 manns,
982 716 1089 757 priore
1113 728 1180 748 non
1203 717 1306 749 multo
1331 718 1500 760 recentior,

218 769 443 802 adnotationes
469 781 605 811 quarum
630 770 746 811 exigua
771 770 819 800 vel
844 770 933 801 nulla
957 770 1082 801 utilitas
1112 773 1174 812 est,
1204 771 1329 803 adiecit.
1377 783 1497 803 eorrec-

218 826 309 854 turae
333 835 454 864 paucae
480 823 686 855 inveniuntur
715 834 833 864 eaeque
863 835 881 855 a
909 823 1014 865 prima
1042 824 1230 865 plerumque
1259 835 1357 857 manu
1384 825 1497 857 factae.

218 877 407 908 lemmatum
443 877 536 908 initia
575 876 812 918 grandiusculis
851 876 968 908 litter'is
1004 877 1145 908 indicata
1178 879 1260 909 sunt.
1308 879 1498 911 monasterii

220 928 329 961 Sancti
355 930 523 962 Benedicti
548 930 766 961 Floriacensis
787 930 905 961 librum
927 930 1005 961 olim
1030 930 1128 962 fuisse
1152 931 1276 963 duobus
1301 932 1445 963 versibus
1466 932 1500 964 in

218 983 286 1014 solii
316 982 356 1014 2¹³
389 984 537 1026 margine
571 983 723 1015 inferiore
757 983 903 1025 scriptis,
937 995 1016 1025 quos
1049 983 1225 1016 Muellerus
1259 985 1342 1017 anal.
1371 985 1390 1016 l.
1419 986 1437 1016 l.
1468 987 1499 1017 et

216 1036 371 1078 Hagenus
398 1037 431 1068 in
457 1037 606 1079 catalogo
627 1037 795 1068 ediderunt
815 1040 847 1068 et
862 1037 1007 1068 Danielis
1032 1037 1221 1069 testimonio
1242 1040 1384 1079 constat,
1408 1038 1497 1070 cuius

218 1090 250 1120 in
286 1090 518 1122 bibliothecam
553 1090 648 1121 multi
683 1089 905 1121 Floriaeenses
940 1090 1064 1122 codices
1100 1093 1264 1122 venerunt.
1311 1091 1349 1123 ef.
1382 1091 1496 1133 Hagen

216 1144 309 1174 catal.
334 1143 434 1184 praef.
458 1155 488 1185 p.
513 1143 569 1174 XI.
607 1143 753 1174 Danielis
777 1143 867 1174 iussu
891 1144 927 1174 ut
952 1143 1077 1174 videtur
1098 1144 1195 1176 codex
1216 1145 1249 1176 in
1277 1145 1355 1176 duas
1387 1148 1496 1186 partes

217 1197 391 1228 distractus
417 1199 472 1228 est.
512 1198 662 1238 alteram,
691 1197 724 1228 111
751 1197 813 1228 152
838 1195 960 1239 foliis1)
990 1197 1137 1229 bucolica
1165 1198 1316 1240 georgica
1345 1198 1497 1230 Aeneidis

216 1251 316 1282 libros
346 1251 484 1292 quinque
515 1251 639 1292 priores
669 1250 952 1291 complectentem,
981 1261 1176 1291 quaevnunc
1205 1251 1238 1282 in
1263 1250 1419 1283 Bernensi
1450 1252 1497 1282 bi-

216 1304 381 1335 bliotheca
406 1304 594 1335 adservatur
620 1306 651 1335 et
675 1314 844 1334 numerum
873 1304 933 1334 172
957 1303 1069 1344 habet,
1093 1304 1162 1344 ipse
1186 1305 1332 1345 retinuit,
1358 1305 1493 1336 alteram

215 1358 352 1389 sedecim
387 1357 559 1388 habentem
591 1357 837 1398 quaterniones,
872 1357 906 1387 in
937 1357 1053 1398 quibus
1084 1358 1199 1399 reliqui
1233 1358 1383 1389 Aeneidis
1420 1358 1495 1388 libri

219 1411 330 1452 scripti
347 1413 430 1452 sunt,
455 1411 551 1443 Petro
567 1410 703 1442 Pithoeo
724 1408 854 1452 misit.2)
892 1411 1005 1450 postea
1028 1410 1107 1442 haec
1126 1411 1245 1442 codicis
1264 1422 1338 1452 pars
1367 1411 1401 1442 in
1425 1410 1497 1442 Col-

215 1465 384 1505 hertinam,
412 1467 480 1495 tum
510 1464 543 1495 111
572 1464 696 1506 regiain
726 1463 956 1495 bibliothecam
986 1464 1088 1495 inlata
1122 1466 1154 1495 et
1182 1475 1315 1496 numero
1341 1463 1425 1495 7929
1450 1464 1494 1495 111-

215 1519 337 1559 signita
353 1520 417 1559 est,
441 1529 534 1559 quem
555 1518 653 1548 etiam
668 1528 752 1548 nunc
768 1517 875 1548 habet.
913 1517 946 1547 in
962 1517 1135 1549 Bernensis
1151 1518 1256 1559 primo
1272 1517 1351 1549 folio
1367 1517 1494 1559 Daniel,

215 1571 330 1603 Petrus
354 1571 508 1603 Pithoeus
534 1571 567 1602 in
592 1570 697 1611 primo
723 1572 755 1601 et
775 1572 918 1600 extremo
936 1569 1075 1601 Parisini
1098 1570 1145 1613 (in
1161 1571 1307 1612 margine
1326 1570 1494 1612 inferiore)

212 1636 329 1656 nomen
354 1636 446 1656 suum
479 1622 650 1665 scripsit.³)
692 1622 867 1654 Bernensis
897 1623 1015 1654 codicis
1045 1623 1154 1655 decem
1185 1623 1410 1665 quaterniones
1440 1623 1494 1664 qui

218 1679 257 1709 ad
274 1678 449 1710 Aeneidem
474 1678 638 1719 pertinent
653 1677 815 1718 prioribus
832 1675 939 1707 decem
956 1676 1143 1709 Latinarum
1159 1678 1342 1708 litterarum
1359 1675 1493 1718 <A—K)

214 1732 318 1763 notati
354 1734 442 1772 sunt,
475 1731 534 1762 hos
569 1730 735 1772 excipiunt
768 1729 908 1761 Parisini
942 1730 1094 1761 tredecim
1129 1731 1355 1772 quaterniones
1389 1729 1492 1761 L—Z

215 1785 333 1816 litteris
361 1785 495 1826 signati,
519 1784 634 1826 reliqui
659 1786 725 1815 tres
746 1794 810 1814 non
836 1785 910 1814 sunt
934 1785 1107 1815 numerati.
1145 1784 1232 1815 illius
1252 1784 1315 1815 tria
1339 1783 1418 1814 solia
1442 1794 1494 1814 ex-

215 1841 319 1869 trema
345 1850 454 1869 umore
480 1840 632 1879 corrupta
657 1840 748 1878 sunt,
774 1840 810 1868 ut
834 1837 867 1867 in
892 1837 1018 1878 paginis
1035 1838 1131 1868 rectis
1152 1848 1189 1869 ea
1208 1848 1290 1879 quae
1311 1837 1343 1868 in
1363 1836 1495 1878 dextris,

287 1971 311 2001 l)
342 1968 564 1993 membranarum
599 1975 743 1992 numerum
773 1965 923 1991 secundum
951 1965 1098 2000 Hagenum
1127 1964 1203 1997 dedi,
1232 1965 1280 1990 sed
1309 1964 1342 1991 cf.
1372 1964 1492 1990 Thomas

217 2007 355 2041 supplem.
377 2017 401 2041 p.
424 2007 522 2033 XVIII.
559 2009 680 2033 ceterum
706 2006 825 2032 fortasse
850 2005 935 2032 codex
960 2005 1026 2031 olim
1050 2005 1107 2032 alia
1126 2004 1233 2031 ratione
1257 2004 1285 2030 in
1306 2004 1374 2031 duas
1398 2005 1491 2038 partes

213 2048 319 2074 divisus
341 2048 400 2073 erat
420 2047 453 2073 cf.
475 2047 597 2073 Thomas
618 2046 635 2072 l.
657 2046 672 2072 l.
694 2055 719 2079 p.
742 2045 765 2070 ΙΙ
785 2045 847 2072 adn.
870 2048 892 2071 1.
976 2047 1002 2079 ἐξ)
1024 2046 1056 2072 cf.
1072 2045 1171 2072 Daniel
1192 2045 1276 2079 praef.
1299 2043 1490 2071 ‘Floriaeensi’

213 2088 281 2120 (scil.
304 2097 369 2113 usus
389 2089 432 2113 est
457 2087 479 2112 is
501 2087 545 2120 qui
571 2087 696 2112 Servium
718 2086 854 2112 edendum
875 2085 995 2119 curavit,
1016 2085 1032 2113 i.
1054 2095 1076 2113 e.
1099 2085 1208 2120 Daniel)
1231 2085 1270 2111 ‘in
1290 2084 1396 2118 aliquot
1415 2084 1491 2110 locos

213 2127 367 2161 Georgicon
389 2128 417 2153 et
442 2127 593 2158 Aeneidos,
619 2127 641 2151 si
666 2126 736 2152 bene
760 2126 900 2159 meminit,
925 2126 991 2159 quia
1014 2126 1037 2152 is
1062 2125 1237 2152 desideratur
1262 2126 1290 2151 et
1314 2124 1432 2150 fortasse
1455 2132 1490 2150 an

215 2167 323 2201 uspiam
345 2167 483 2200 sepositus
504 2167 538 2192 ab
559 2165 662 2198 amieo,
684 2166 711 2191 in
731 2165 808 2191 cuius
829 2174 941 2192 manum
962 2165 1106 2199 depositus
1127 2165 1237 2192 fuerat'.
1324 2166 1350 2198 3)
1370 2163 1490 2190 Thoma-

213 2209 269 2235 sius
291 2207 316 2233 in
338 2206 455 2232 l'arisini
479 2207 567 2240 primo
588 2206 655 2232 solio
676 2206 726 2231 sub
751 2214 783 2232 eo
803 2205 878 2238 loco,
903 2206 929 2232 111
956 2215 1011 2239 quo
1034 2205 1142 2232 Pithoni
1163 2213 1261 2231 nomen
1287 2204 1419 2237 scriptum
1440 2204 1491 2236 est,

213 2257 336 2274 rasuram
358 2256 418 2273 esse
440 2246 521 2273 vidit:
544 2247 662 2271 fortasss—
685 2245 808 2272 Danielis
829 2255 928 2272 nomen
950 2245 987 2271 ibi
1009 2246 1074 2272 olim
1096 2246 1160 2272 fuit:
1186 2244 1209 2270 is
1229 2244 1300 2270 enim
1328 2243 1354 2269 in
1376 2243 1489 2269 scholiis

215 2288 282 2321 ipsis
302 2296 356 2313 11011
377 2287 454 2313 nulla
475 2286 594 2313 correxit
614 2287 642 2309 ot
662 2286 818 2320 adscripsit.
852 2286 880 2311 in
900 2285 1033 2312 Beruensi
1057 2285 1220 2320 scriptorum
1247 2283 1273 2309 in
1298 2283 1411 2309 scholiis
1431 2283 1490 2309 lau-

215 2329 341 2354 danorum
365 2326 477 2353 nomina
497 2327 523 2352 111
544 2325 674 2352 insci-iore
695 2325 819 2359 margine
840 2325 961 2352 iteravit.
