<?xml version="1.0" encoding="UTF-8"?>
<!DOCTYPE html PUBLIC "-//W3C//DTD XHTML 1.0 Transitional//EN"
    "http://www.w3.org/TR/xhtml1/DTD/xhtml1-transitional.dtd">
<html xmlns="http://www.w3.org/1999/xhtml" xml:lang="en" lang="en">
 <head>
  <title>
</title>
<meta http-equiv="Content-Type" content="text/html;charset=utf-8" />
  <meta name='ocr-system' content='tesseract 3.04.00' />
  <meta name='ocr-capabilities' content='ocr_page ocr_carea ocr_par ocr_line ocrx_word'/>
</head>
<body>
  <div class='ocr_page' id='page_1' title='image "./serviigrammatici01bons_0059.png"; bbox 0 0 1690 2611; ppageno 0'>
   <div class='ocr_carea' id='block_1_1' title="bbox 696 107 1439 135">
    <p class='ocr_par' dir='ltr' id='par_1_1' title="bbox 696 107 1439 135">
     <span class='ocr_line' id='line_1_1' title="bbox 696 107 1439 135; baseline 0.001 -1"><span class='ocrx_word' id='word_1_1' title='bbox 696 107 910 135; x_wconf 84' lang='lat' dir='ltr'><strong>PRAEFATIO.</strong></span> <span class='ocrx_word' id='word_1_2' title='bbox 1391 109 1439 135; x_wconf 92' lang='lat' dir='ltr'>LV</span> 
     </span>
    </p>
   </div>
   <div class='ocr_carea' id='block_1_2' title="bbox 159 188 1443 2372">
    <p class='ocr_par' dir='ltr' id='par_1_2' title="bbox 159 188 1443 1882">
     <span class='ocr_line' id='line_1_2' title="bbox 166 188 1439 234; baseline -0.002 -10"><span class='ocrx_word' id='word_1_3' title='bbox 166 192 274 234; x_wconf 88' lang='lat' dir='ltr'>stitui,</span> <span class='ocrx_word' id='word_1_4' title='bbox 307 193 516 224; x_wconf 78' lang='lat' dir='ltr'><em>descendemus</em></span> <span class='ocrx_word' id='word_1_5' title='bbox 544 190 658 222; x_wconf 84' lang='lat' dir='ltr'>Daniel</span> <span class='ocrx_word' id='word_1_6' title='bbox 691 191 723 220; x_wconf 86' lang='lat' dir='ltr'>et</span> <span class='ocrx_word' id='word_1_7' title='bbox 756 189 790 220; x_wconf 91' lang='lat' dir='ltr'>in</span> <span class='ocrx_word' id='word_1_8' title='bbox 818 188 911 221; x_wconf 80' lang='lat' dir='ltr'>Fabr.</span> <span class='ocrx_word' id='word_1_9' title='bbox 946 202 992 221; x_wconf 76' lang='lat' dir='ltr'>ex.</span> <span class='ocrx_word' id='word_1_10' title='bbox 1017 192 1048 221; x_wconf 87' lang='lat' dir='ltr'>et</span> <span class='ocrx_word' id='word_1_11' title='bbox 1082 191 1113 221; x_wconf 87' lang='lat' dir='ltr'>in</span> <span class='ocrx_word' id='word_1_12' title='bbox 1143 191 1316 232; x_wconf 79' lang='lat' dir='ltr'>appendice</span> <span class='ocrx_word' id='word_1_13' title='bbox 1347 191 1439 222; x_wconf 81' lang='lat' dir='ltr'><strong>dedit.</strong></span> 
     </span>
     <span class='ocr_line' id='line_1_3' title="bbox 166 242 1441 288; baseline -0.001 -11"><span class='ocrx_word' id='word_1_14' title='bbox 166 245 245 278; x_wconf 89' lang='lat' dir='ltr'>Aen.</span> <span class='ocrx_word' id='word_1_15' title='bbox 269 246 285 277; x_wconf 94' lang='lat' dir='ltr'>I</span> <span class='ocrx_word' id='word_1_16' title='bbox 309 247 328 278; x_wconf 87' lang='grc'>6</span> <span class='ocrx_word' id='word_1_17' title='bbox 353 245 399 288; x_wconf 80' lang='lat' dir='ltr'>(p.</span> <span class='ocrx_word' id='word_1_18' title='bbox 425 246 479 284; x_wconf 85' lang='grc'>12,</span> <span class='ocrx_word' id='word_1_19' title='bbox 505 244 537 287; x_wconf 81' lang='lat'>7)</span> <span class='ocrx_word' id='word_1_20' title='bbox 561 243 818 285; x_wconf 63' lang='lat' dir='ltr'>cognominarunt</span> <span class='ocrx_word' id='word_1_21' title='bbox 840 243 873 274; x_wconf 92' lang='lat' dir='ltr'>in</span> <span class='ocrx_word' id='word_1_22' title='bbox 893 242 1081 275; x_wconf 82' lang='lat' dir='ltr'>Cassellano</span> <span class='ocrx_word' id='word_1_23' title='bbox 1105 244 1238 285; x_wconf 79' lang='lat' dir='ltr'>legitur,</span> <span class='ocrx_word' id='word_1_24' title='bbox 1265 247 1441 276; x_wconf 63' lang='lat' dir='ltr'>coeat-erunt</span> 
     </span>
     <span class='ocr_line' id='line_1_4' title="bbox 165 297 1440 341; baseline -0.002 -10"><span class='ocrx_word' id='word_1_25' title='bbox 165 299 199 331; x_wconf 88' lang='grc'>111</span> <span class='ocrx_word' id='word_1_26' title='bbox 227 299 322 330; x_wconf 86' lang='lat' dir='ltr'>Fabr.</span> <span class='ocrx_word' id='word_1_27' title='bbox 354 310 400 331; x_wconf 81' lang='lat' dir='ltr'>ex.</span> <span class='ocrx_word' id='word_1_28' title='bbox 433 309 536 341; x_wconf 83' lang='lat' dir='ltr'>marg.</span> <span class='ocrx_word' id='word_1_29' title='bbox 568 297 806 329; x_wconf 76' lang='lat' dir='ltr'>noniinaverimt</span> <span class='ocrx_word' id='word_1_30' title='bbox 838 297 871 328; x_wconf 89' lang='lat' dir='ltr'>in</span> <span class='ocrx_word' id='word_1_31' title='bbox 900 297 1081 337; x_wconf 83' lang='lat' dir='ltr'>appendice.</span> <span class='ocrx_word' id='word_1_32' title='bbox 1124 298 1221 329; x_wconf 86' lang='lat' dir='ltr'>schol.</span> <span class='ocrx_word' id='word_1_33' title='bbox 1250 298 1289 329; x_wconf 85' lang='lat' dir='ltr'>ad</span> <span class='ocrx_word' id='word_1_34' title='bbox 1319 298 1397 329; x_wconf 87' lang='lat' dir='ltr'>Aen.</span> <span class='ocrx_word' id='word_1_35' title='bbox 1426 298 1440 329; x_wconf 95' lang='lat' dir='ltr'>I</span> 
     </span>
     <span class='ocr_line' id='line_1_5' title="bbox 166 350 1441 392; baseline -0.002 -7"><span class='ocrx_word' id='word_1_36' title='bbox 166 354 231 386; x_wconf 81' lang='lat'>340</span> <span class='ocrx_word' id='word_1_37' title='bbox 254 353 371 385; x_wconf 80' lang='lat' dir='ltr'>Daniel</span> <span class='ocrx_word' id='word_1_38' title='bbox 395 353 429 384; x_wconf 91' lang='lat' dir='ltr'>in</span> <span class='ocrx_word' id='word_1_39' title='bbox 453 353 606 384; x_wconf 80' lang='lat' dir='ltr'>contextu</span> <span class='ocrx_word' id='word_1_40' title='bbox 625 351 757 392; x_wconf 89' lang='lat' dir='ltr'>plenum</span> <span class='ocrx_word' id='word_1_41' title='bbox 783 350 897 392; x_wconf 83' lang='lat' dir='ltr'>edidit,</span> <span class='ocrx_word' id='word_1_42' title='bbox 922 362 1114 392; x_wconf 86' lang='lat' dir='ltr'>quamquam</span> <span class='ocrx_word' id='word_1_43' title='bbox 1135 351 1167 382; x_wconf 91' lang='lat' dir='ltr'>in</span> <span class='ocrx_word' id='word_1_44' title='bbox 1188 351 1335 383; x_wconf 80' lang='lat' dir='ltr'>Parisino</span> <span class='ocrx_word' id='word_1_45' title='bbox 1359 351 1441 383; x_wconf 85' lang='lat' dir='ltr'>nihil</span> 
     </span>
     <span class='ocr_line' id='line_1_6' title="bbox 167 404 1440 449; baseline -0.002 -10"><span class='ocrx_word' id='word_1_46' title='bbox 167 409 296 449; x_wconf 82' lang='lat' dir='ltr'>praeter</span> <span class='ocrx_word' id='word_1_47' title='bbox 318 407 416 446; x_wconf 80' lang='lat' dir='ltr'>Dido]</span> <span class='ocrx_word' id='word_1_48' title='bbox 441 407 565 438; x_wconf 85' lang='lat' dir='ltr'>nomine</span> <span class='ocrx_word' id='word_1_49' title='bbox 587 406 679 437; x_wconf 77' lang='lat' dir='ltr'>elissa</span> <span class='ocrx_word' id='word_1_50' title='bbox 778 405 886 445; x_wconf 69' lang='lat' dir='ltr'>linqua</span> <span class='ocrx_word' id='word_1_51' title='bbox 915 406 1015 445; x_wconf 80' lang='lat' dir='ltr'>extat,</span> <span class='ocrx_word' id='word_1_52' title='bbox 1044 407 1080 435; x_wconf 87' lang='lat' dir='ltr'>ut</span> <span class='ocrx_word' id='word_1_53' title='bbox 1104 404 1272 446; x_wconf 83' lang='lat' dir='ltr'>probabile</span> <span class='ocrx_word' id='word_1_54' title='bbox 1302 405 1344 436; x_wconf 83' lang='lat' dir='ltr'>sit</span> <span class='ocrx_word' id='word_1_55' title='bbox 1368 405 1440 437; x_wconf 86' lang='lat' dir='ltr'>reli-</span> 
     </span>
     <span class='ocr_line' id='line_1_7' title="bbox 167 458 1441 502; baseline -0.002 -10"><span class='ocrx_word' id='word_1_56' title='bbox 167 472 230 502; x_wconf 86' lang='lat' dir='ltr'>qua</span> <span class='ocrx_word' id='word_1_57' title='bbox 254 472 273 492; x_wconf 90' lang='lat' dir='ltr'>a</span> <span class='ocrx_word' id='word_1_58' title='bbox 296 460 404 492; x_wconf 90' lang='lat' dir='ltr'>Modio</span> <span class='ocrx_word' id='word_1_59' title='bbox 430 460 589 501; x_wconf 81' lang='lat' dir='ltr'>exscripta</span> <span class='ocrx_word' id='word_1_60' title='bbox 616 470 699 499; x_wconf 88' lang='lat' dir='ltr'>esse,</span> <span class='ocrx_word' id='word_1_61' title='bbox 729 459 791 490; x_wconf 88' lang='lat' dir='ltr'>etsi</span> <span class='ocrx_word' id='word_1_62' title='bbox 815 469 879 490; x_wconf 91' lang='lat' dir='ltr'>non</span> <span class='ocrx_word' id='word_1_63' title='bbox 905 460 979 489; x_wconf 85' lang='lat' dir='ltr'>sunt</span> <span class='ocrx_word' id='word_1_64' title='bbox 1008 458 1041 489; x_wconf 91' lang='lat' dir='ltr'>in</span> <span class='ocrx_word' id='word_1_65' title='bbox 1070 458 1162 490; x_wconf 89' lang='lat' dir='ltr'>Fabr.</span> <span class='ocrx_word' id='word_1_66' title='bbox 1193 470 1238 490; x_wconf 79' lang='lat' dir='ltr'>ex.</span> <span class='ocrx_word' id='word_1_67' title='bbox 1267 459 1441 490; x_wconf 84' lang='lat' dir='ltr'>translata:</span> 
     </span>
     <span class='ocr_line' id='line_1_8' title="bbox 165 510 1440 545; baseline -0.002 0"><span class='ocrx_word' id='word_1_68' title='bbox 165 514 200 545; x_wconf 90' lang='lat' dir='ltr'>in</span> <span class='ocrx_word' id='word_1_69' title='bbox 223 513 273 545; x_wconf 90' lang='lat' dir='ltr'>his</span> <span class='ocrx_word' id='word_1_70' title='bbox 298 513 414 545; x_wconf 85' lang='lat' dir='ltr'>Daniel</span> <span class='ocrx_word' id='word_1_71' title='bbox 438 513 541 544; x_wconf 86' lang='lat' dir='ltr'>tribus</span> <span class='ocrx_word' id='word_1_72' title='bbox 566 513 646 544; x_wconf 81' lang='lat' dir='ltr'>loeis</span> <span class='ocrx_word' id='word_1_73' title='bbox 671 512 737 543; x_wconf 84' lang='lat' dir='ltr'>sine</span> <span class='ocrx_word' id='word_1_74' title='bbox 762 511 877 543; x_wconf 85' lang='lat' dir='ltr'>idonea</span> <span class='ocrx_word' id='word_1_75' title='bbox 901 522 997 542; x_wconf 86' lang='lat' dir='ltr'>causa</span> <span class='ocrx_word' id='word_1_76' title='bbox 1020 510 1189 542; x_wconf 88' lang='lat' dir='ltr'>Fuldensis</span> <span class='ocrx_word' id='word_1_77' title='bbox 1215 512 1440 544; x_wconf 81' lang='lat' dir='ltr'>auctoritatem</span> 
     </span>
     <span class='ocr_line' id='line_1_9' title="bbox 167 565 1440 608; baseline -0.002 -9"><span class='ocrx_word' id='word_1_78' title='bbox 167 568 290 608; x_wconf 83' lang='lat' dir='ltr'>sprevit</span> <span class='ocrx_word' id='word_1_79' title='bbox 318 579 389 599; x_wconf 87' lang='lat' dir='ltr'>cum</span> <span class='ocrx_word' id='word_1_80' title='bbox 417 567 530 599; x_wconf 82' lang='lat' dir='ltr'>civibus</span> <span class='ocrx_word' id='word_1_81' title='bbox 549 578 607 607; x_wconf 91' lang='lat' dir='ltr'>pro</span> <span class='ocrx_word' id='word_1_82' title='bbox 639 566 740 607; x_wconf 81' lang='lat' dir='ltr'>sociis,</span> <span class='ocrx_word' id='word_1_83' title='bbox 773 566 896 597; x_wconf 77' lang='lat' dir='ltr'>cuidam</span> <span class='ocrx_word' id='word_1_84' title='bbox 919 576 977 606; x_wconf 86' lang='lat' dir='ltr'>pro</span> <span class='ocrx_word' id='word_1_85' title='bbox 1003 565 1189 605; x_wconf 73' lang='lat' dir='ltr'>cuicumque,</span> <span class='ocrx_word' id='word_1_86' title='bbox 1223 565 1355 596; x_wconf 34' lang='lat' dir='ltr'>insieco-it</span> <span class='ocrx_word' id='word_1_87' title='bbox 1383 577 1440 607; x_wconf 86' lang='lat' dir='ltr'>pro</span> 
     </span>
     <span class='ocr_line' id='line_1_10' title="bbox 166 618 1442 659; baseline -0.002 -6"><span class='ocrx_word' id='word_1_88' title='bbox 166 622 269 653; x_wconf 78' lang='lat' dir='ltr'>iecerit</span> <span class='ocrx_word' id='word_1_89' title='bbox 291 621 402 652; x_wconf 94' lang='lat' dir='ltr'>edidit.</span> <span class='ocrx_word' id='word_1_90' title='bbox 429 639 465 643; x_wconf 92' lang='lat'>—-</span> <span class='ocrx_word' id='word_1_91' title='bbox 493 620 718 652; x_wconf 85' lang='lat' dir='ltr'>Cassellanum</span> <span class='ocrx_word' id='word_1_92' title='bbox 749 618 1003 650; x_wconf 86' lang='lat' dir='ltr'>additamentum</span> <span class='ocrx_word' id='word_1_93' title='bbox 1034 618 1073 649; x_wconf 84' lang='lat' dir='ltr'>ad</span> <span class='ocrx_word' id='word_1_94' title='bbox 1101 618 1181 649; x_wconf 88' lang='lat' dir='ltr'>Aen.</span> <span class='ocrx_word' id='word_1_95' title='bbox 1205 618 1219 648; x_wconf 89' lang='lat' dir='ltr'>I</span> <span class='ocrx_word' id='word_1_96' title='bbox 1244 619 1284 649; x_wconf 81' lang='grc'>97</span> <span class='ocrx_word' id='word_1_97' title='bbox 1313 619 1442 659; x_wconf 60' lang='lat' dir='ltr'>Tydides-</span> 
     </span>
     <span class='ocr_line' id='line_1_11' title="bbox 166 671 1443 716; baseline -0.003 -10"><span class='ocrx_word' id='word_1_98' title='bbox 166 674 330 706; x_wconf 77' lang='lat' dir='ltr'>Diomedes</span> <span class='ocrx_word' id='word_1_99' title='bbox 353 686 378 706; x_wconf 88' lang='lat' dir='ltr'>e.</span> <span class='ocrx_word' id='word_1_100' title='bbox 403 686 432 716; x_wconf 92' lang='lat' dir='ltr'>q.</span> <span class='ocrx_word' id='word_1_101' title='bbox 457 686 479 706; x_wconf 88' lang='lat' dir='ltr'>s.</span> <span class='ocrx_word' id='word_1_102' title='bbox 505 673 620 705; x_wconf 86' lang='lat' dir='ltr'>Daniel</span> <span class='ocrx_word' id='word_1_103' title='bbox 650 674 683 704; x_wconf 87' lang='lat' dir='ltr'>in</span> <span class='ocrx_word' id='word_1_104' title='bbox 709 672 802 704; x_wconf 85' lang='lat' dir='ltr'>Fabr.</span> <span class='ocrx_word' id='word_1_105' title='bbox 827 683 874 704; x_wconf 81' lang='lat' dir='ltr'>ex.</span> <span class='ocrx_word' id='word_1_106' title='bbox 904 672 1049 713; x_wconf 79' lang='lat' dir='ltr'>margine</span> <span class='ocrx_word' id='word_1_107' title='bbox 1079 671 1118 703; x_wconf 90' lang='lat' dir='ltr'>ad</span> <span class='ocrx_word' id='word_1_108' title='bbox 1142 671 1157 702; x_wconf 86' lang='grc' dir='ltr'>Ι</span> <span class='ocrx_word' id='word_1_109' title='bbox 1181 672 1244 702; x_wconf 71' lang='lat'>471</span> <span class='ocrx_word' id='word_1_110' title='bbox 1271 672 1443 713; x_wconf 73' lang='lat' dir='ltr'>adscripsit</span> 
     </span>
     <span class='ocr_line' id='line_1_12' title="bbox 167 725 1442 769; baseline -0.002 -10"><span class='ocrx_word' id='word_1_111' title='bbox 167 730 262 769; x_wconf 86' lang='lat' dir='ltr'>atque</span> <span class='ocrx_word' id='word_1_112' title='bbox 286 728 337 759; x_wconf 89' lang='lat' dir='ltr'>his</span> <span class='ocrx_word' id='word_1_113' title='bbox 366 727 446 759; x_wconf 84' lang='lat' dir='ltr'>locis</span> <span class='ocrx_word' id='word_1_114' title='bbox 475 728 539 759; x_wconf 88' lang='lat' dir='ltr'>alia</span> <span class='ocrx_word' id='word_1_115' title='bbox 567 727 655 758; x_wconf 89' lang='lat' dir='ltr'>dedit</span> <span class='ocrx_word' id='word_1_116' title='bbox 685 728 780 768; x_wconf 85' lang='lat' dir='ltr'>atque</span> <span class='ocrx_word' id='word_1_117' title='bbox 810 726 844 757; x_wconf 89' lang='lat' dir='ltr'>in</span> <span class='ocrx_word' id='word_1_118' title='bbox 873 725 1062 767; x_wconf 78' lang='lat' dir='ltr'>appendice:</span> <span class='ocrx_word' id='word_1_119' title='bbox 1096 725 1260 765; x_wconf 72' lang='lat' dir='ltr'>Deipsedes</span> <span class='ocrx_word' id='word_1_120' title='bbox 1284 726 1316 757; x_wconf 88' lang='lat' dir='ltr'>F.</span> <span class='ocrx_word' id='word_1_121' title='bbox 1342 737 1366 756; x_wconf 89' lang='lat' dir='ltr'>e.</span> <span class='ocrx_word' id='word_1_122' title='bbox 1392 738 1442 766; x_wconf 88' lang='grc'><strong>111,,</strong></span> 
     </span>
     <span class='ocr_line' id='line_1_13' title="bbox 165 778 1442 822; baseline -0.002 -10"><span class='ocrx_word' id='word_1_123' title='bbox 165 781 307 821; x_wconf 61' lang='grc' dir='ltr'>(ἶείρεεῖθε</span> <span class='ocrx_word' id='word_1_124' title='bbox 330 792 416 822; x_wconf 83' lang='lat' dir='ltr'>app.;</span> <span class='ocrx_word' id='word_1_125' title='bbox 447 783 522 822; x_wconf 86' lang='lat' dir='ltr'>post</span> <span class='ocrx_word' id='word_1_126' title='bbox 540 781 686 822; x_wconf 77' lang='lat' dir='ltr'>miyravit</span> <span class='ocrx_word' id='word_1_127' title='bbox 708 779 787 811; x_wconf 82' lang='lat' dir='ltr'>haec</span> <span class='ocrx_word' id='word_1_128' title='bbox 817 779 916 810; x_wconf 85' lang='lat' dir='ltr'>habet</span> <span class='ocrx_word' id='word_1_129' title='bbox 939 778 973 810; x_wconf 93' lang='lat' dir='ltr'>F.</span> <span class='ocrx_word' id='word_1_130' title='bbox 998 790 1022 811; x_wconf 89' lang='lat' dir='ltr'>e.</span> <span class='ocrx_word' id='word_1_131' title='bbox 1048 790 1088 810; x_wconf 88' lang='lat' dir='ltr'>m.</span> <span class='ocrx_word' id='word_1_132' title='bbox 1117 781 1146 810; x_wconf 74' lang='lat' dir='ltr'>ct</span> <span class='ocrx_word' id='word_1_133' title='bbox 1172 789 1238 810; x_wconf 81' lang='lat' dir='ltr'>cum</span> <span class='ocrx_word' id='word_1_134' title='bbox 1268 779 1364 811; x_wconf 72' lang='lat' dir='ltr'>hostes</span> <span class='ocrx_word' id='word_1_135' title='bbox 1391 790 1442 820; x_wconf 74' lang='lat' dir='ltr'>op-</span> 
     </span>
     <span class='ocr_line' id='line_1_14' title="bbox 159 832 1442 875; baseline -0.001 -10"><span class='ocrx_word' id='word_1_136' title='bbox 159 837 334 874; x_wconf 70' lang='lat' dir='ltr'>puynatum</span> <span class='ocrx_word' id='word_1_137' title='bbox 350 834 514 875; x_wconf 77' lang='lat' dir='ltr'>Corcyram</span> <span class='ocrx_word' id='word_1_138' title='bbox 528 835 689 872; x_wconf 80' lang='lat' dir='ltr'>venissent,</span> <span class='ocrx_word' id='word_1_139' title='bbox 715 844 794 874; x_wconf 87' lang='lat' dir='ltr'>quae</span> <span class='ocrx_word' id='word_1_140' title='bbox 819 844 891 874; x_wconf 88' lang='lat' dir='ltr'>app.</span> <span class='ocrx_word' id='word_1_141' title='bbox 907 832 1043 873; x_wconf 83' lang='lat' dir='ltr'>omittit3</span> <span class='ocrx_word' id='word_1_142' title='bbox 1068 832 1206 863; x_wconf 70' lang='lat' dir='ltr'>edmmiit</span> <span class='ocrx_word' id='word_1_143' title='bbox 1228 833 1295 863; x_wconf 69' lang='lat' dir='ltr'>(zoin</span> <span class='ocrx_word' id='word_1_144' title='bbox 1311 832 1344 863; x_wconf 82' lang='lat' dir='ltr'>F.</span> <span class='ocrx_word' id='word_1_145' title='bbox 1361 844 1385 863; x_wconf 88' lang='lat' dir='ltr'>e.</span> <span class='ocrx_word' id='word_1_146' title='bbox 1402 844 1442 864; x_wconf 88' lang='lat' dir='ltr'>m.</span> 
     </span>
     <span class='ocr_line' id='line_1_15' title="bbox 165 885 1442 930; baseline -0.002 -11"><span class='ocrx_word' id='word_1_147' title='bbox 165 889 398 920; x_wconf 80' lang='lat' dir='ltr'>commiuatione</span> <span class='ocrx_word' id='word_1_148' title='bbox 427 900 512 930; x_wconf 80' lang='lat' dir='ltr'>app.3</span> <span class='ocrx_word' id='word_1_149' title='bbox 542 890 661 928; x_wconf 60' lang='lat' dir='ltr'>ea‘eepta</span> <span class='ocrx_word' id='word_1_150' title='bbox 685 886 718 918; x_wconf 91' lang='lat' dir='ltr'>F.</span> <span class='ocrx_word' id='word_1_151' title='bbox 748 898 772 918; x_wconf 90' lang='lat' dir='ltr'>e.</span> <span class='ocrx_word' id='word_1_152' title='bbox 805 898 845 918; x_wconf 88' lang='lat' dir='ltr'>m.</span> <span class='ocrx_word' id='word_1_153' title='bbox 874 889 1011 926; x_wconf 70' lang='lat' dir='ltr'>exempta</span> <span class='ocrx_word' id='word_1_154' title='bbox 1042 897 1113 927; x_wconf 88' lang='lat' dir='ltr'>app.</span> <span class='ocrx_word' id='word_1_155' title='bbox 1145 904 1184 908; x_wconf 93' lang='lat'><strong>—</strong></span> <span class='ocrx_word' id='word_1_156' title='bbox 1213 885 1293 917; x_wconf 85' lang='lat' dir='ltr'>Aen.</span> <span class='ocrx_word' id='word_1_157' title='bbox 1321 885 1353 916; x_wconf 87' lang='grc' dir='ltr'>ΙΙ</span> <span class='ocrx_word' id='word_1_158' title='bbox 1381 886 1442 917; x_wconf 68' lang='lat'>14⁴1</span> 
     </span>
     <span class='ocr_line' id='line_1_16' title="bbox 165 938 1443 984; baseline -0.001 -12"><span class='ocrx_word' id='word_1_159' title='bbox 165 940 208 982; x_wconf 87' lang='lat' dir='ltr'>(p.</span> <span class='ocrx_word' id='word_1_160' title='bbox 233 942 311 983; x_wconf 71' lang='grc'>242,</span> <span class='ocrx_word' id='word_1_161' title='bbox 338 940 391 984; x_wconf 86' lang='grc'>19)</span> <span class='ocrx_word' id='word_1_162' title='bbox 411 942 512 982; x_wconf 72' lang='lat' dir='ltr'>piatio</span> <span class='ocrx_word' id='word_1_163' title='bbox 532 940 566 972; x_wconf 88' lang='lat' dir='ltr'>F.</span> <span class='ocrx_word' id='word_1_164' title='bbox 591 952 615 972; x_wconf 89' lang='lat' dir='ltr'>e.</span> <span class='ocrx_word' id='word_1_165' title='bbox 641 952 680 972; x_wconf 87' lang='grc'><strong>111.</strong></span> <span class='ocrx_word' id='word_1_166' title='bbox 705 940 804 972; x_wconf 74' lang='lat' dir='ltr'>hostia</span> <span class='ocrx_word' id='word_1_167' title='bbox 828 951 900 981; x_wconf 90' lang='lat' dir='ltr'>app.</span> <span class='ocrx_word' id='word_1_168' title='bbox 923 959 960 962; x_wconf 97' lang='lat'><strong>—</strong></span> <span class='ocrx_word' id='word_1_169' title='bbox 986 940 1018 970; x_wconf 91' lang='grc' dir='ltr'>Π</span> <span class='ocrx_word' id='word_1_170' title='bbox 1044 941 1105 971; x_wconf 80' lang='grc'>167</span> <span class='ocrx_word' id='word_1_171' title='bbox 1132 938 1176 981; x_wconf 83' lang='lat' dir='ltr'>(p.</span> <span class='ocrx_word' id='word_1_172' title='bbox 1201 940 1279 981; x_wconf 74' lang='grc'>249,</span> <span class='ocrx_word' id='word_1_173' title='bbox 1302 938 1337 981; x_wconf 81' lang='lat'>4)</span> <span class='ocrx_word' id='word_1_174' title='bbox 1362 940 1443 971; x_wconf 73' lang='lat' dir='ltr'>arcis</span> 
     </span>
     <span class='ocr_line' id='line_1_17' title="bbox 166 992 1441 1035; baseline -0.002 -9"><span class='ocrx_word' id='word_1_175' title='bbox 166 997 224 1027; x_wconf 78' lang='lat' dir='ltr'>tres</span> <span class='ocrx_word' id='word_1_176' title='bbox 247 994 281 1026; x_wconf 92' lang='lat' dir='ltr'>F.</span> <span class='ocrx_word' id='word_1_177' title='bbox 306 1007 330 1027; x_wconf 93' lang='lat' dir='ltr'>e.</span> <span class='ocrx_word' id='word_1_178' title='bbox 355 1007 396 1026; x_wconf 89' lang='lat' dir='ltr'>m.</span> <span class='ocrx_word' id='word_1_179' title='bbox 419 996 572 1027; x_wconf 72' lang='lat' dir='ltr'>antistites</span> <span class='ocrx_word' id='word_1_180' title='bbox 601 1006 672 1035; x_wconf 87' lang='lat' dir='ltr'>app.</span> <span class='ocrx_word' id='word_1_181' title='bbox 699 1012 736 1016; x_wconf 89' lang='lat'>—</span> <span class='ocrx_word' id='word_1_182' title='bbox 769 993 800 1024; x_wconf 88' lang='lat' dir='ltr'>H</span> <span class='ocrx_word' id='word_1_183' title='bbox 825 994 888 1025; x_wconf 73' lang='grc'>178</span> <span class='ocrx_word' id='word_1_184' title='bbox 914 992 957 1034; x_wconf 89' lang='lat' dir='ltr'>(p.</span> <span class='ocrx_word' id='word_1_185' title='bbox 983 994 1060 1034; x_wconf 77' lang='grc'>250,</span> <span class='ocrx_word' id='word_1_186' title='bbox 1085 992 1141 1035; x_wconf 83' lang='grc'>20)</span> <span class='ocrx_word' id='word_1_187' title='bbox 1170 993 1333 1033; x_wconf 73' lang='lat' dir='ltr'>imperium</span> <span class='ocrx_word' id='word_1_188' title='bbox 1358 993 1392 1024; x_wconf 88' lang='lat' dir='ltr'>F.</span> <span class='ocrx_word' id='word_1_189' title='bbox 1417 1004 1441 1024; x_wconf 89' lang='lat' dir='ltr'>e.</span> 
     </span>
     <span class='ocr_line' id='line_1_18' title="bbox 163 1046 1442 1090; baseline -0.002 -11"><span class='ocrx_word' id='word_1_190' title='bbox 163 1060 203 1080; x_wconf 88' lang='lat' dir='ltr'>m.</span> <span class='ocrx_word' id='word_1_191' title='bbox 231 1049 438 1081; x_wconf 81' lang='lat' dir='ltr'>ministerium</span> <span class='ocrx_word' id='word_1_192' title='bbox 468 1060 540 1090; x_wconf 90' lang='lat' dir='ltr'>app.</span> <span class='ocrx_word' id='word_1_193' title='bbox 564 1060 592 1079; x_wconf 87' lang='lat' dir='ltr'>v.</span> <span class='ocrx_word' id='word_1_194' title='bbox 618 1048 660 1079; x_wconf 86' lang='grc'>22</span> <span class='ocrx_word' id='word_1_195' title='bbox 689 1048 724 1079; x_wconf 78' lang='lat' dir='ltr'>dc</span> <span class='ocrx_word' id='word_1_196' title='bbox 753 1048 906 1088; x_wconf 73' lang='lat' dir='ltr'>captando</span> <span class='ocrx_word' id='word_1_197' title='bbox 930 1048 1061 1087; x_wconf 67' lang='lat' dir='ltr'>aitqurio</span> <span class='ocrx_word' id='word_1_198' title='bbox 1090 1046 1123 1078; x_wconf 88' lang='lat' dir='ltr'>F.</span> <span class='ocrx_word' id='word_1_199' title='bbox 1149 1058 1173 1077; x_wconf 92' lang='lat' dir='ltr'>e.</span> <span class='ocrx_word' id='word_1_200' title='bbox 1198 1058 1239 1078; x_wconf 88' lang='lat' dir='ltr'>m.</span> <span class='ocrx_word' id='word_1_201' title='bbox 1267 1047 1302 1078; x_wconf 80' lang='lat' dir='ltr'>(Ie</span> <span class='ocrx_word' id='word_1_202' title='bbox 1325 1048 1442 1087; x_wconf 74' lang='lat' dir='ltr'>captivo</span> 
     </span>
     <span class='ocr_line' id='line_1_19' title="bbox 164 1101 1441 1144; baseline -0.002 -10"><span class='ocrx_word' id='word_1_203' title='bbox 164 1112 238 1142; x_wconf 69' lang='lat' dir='ltr'>ayro</span> <span class='ocrx_word' id='word_1_204' title='bbox 263 1114 334 1144; x_wconf 85' lang='lat' dir='ltr'>app.</span> <span class='ocrx_word' id='word_1_205' title='bbox 362 1121 400 1125; x_wconf 97' lang='lat'><strong>—</strong></span> <span class='ocrx_word' id='word_1_206' title='bbox 426 1103 477 1134; x_wconf 88' lang='lat' dir='ltr'>his</span> <span class='ocrx_word' id='word_1_207' title='bbox 503 1102 658 1143; x_wconf 84' lang='lat' dir='ltr'>exemplis</span> <span class='ocrx_word' id='word_1_208' title='bbox 688 1101 827 1132; x_wconf 86' lang='lat' dir='ltr'>adducor</span> <span class='ocrx_word' id='word_1_209' title='bbox 854 1103 891 1132; x_wconf 87' lang='lat' dir='ltr'>ut</span> <span class='ocrx_word' id='word_1_210' title='bbox 918 1112 984 1132; x_wconf 89' lang='lat' dir='ltr'>non</span> <span class='ocrx_word' id='word_1_211' title='bbox 1007 1101 1114 1132; x_wconf 89' lang='lat' dir='ltr'>nullas</span> <span class='ocrx_word' id='word_1_212' title='bbox 1140 1101 1323 1141; x_wconf 86' lang='lat' dir='ltr'>appendicis</span> <span class='ocrx_word' id='word_1_213' title='bbox 1344 1101 1441 1142; x_wconf 87' lang='lat' dir='ltr'>scrip-</span> 
     </span>
     <span class='ocr_line' id='line_1_20' title="bbox 164 1154 1440 1188; baseline -0.001 -2"><span class='ocrx_word' id='word_1_214' title='bbox 164 1157 253 1187; x_wconf 86' lang='lat' dir='ltr'>turas</span> <span class='ocrx_word' id='word_1_215' title='bbox 284 1167 302 1187; x_wconf 85' lang='lat' dir='ltr'>a</span> <span class='ocrx_word' id='word_1_216' title='bbox 326 1155 517 1188; x_wconf 84' lang='lat' dir='ltr'>Cassellano</span> <span class='ocrx_word' id='word_1_217' title='bbox 542 1155 685 1186; x_wconf 86' lang='lat' dir='ltr'>diversas</span> <span class='ocrx_word' id='word_1_218' title='bbox 716 1154 755 1185; x_wconf 91' lang='lat' dir='ltr'>ad</span> <span class='ocrx_word' id='word_1_219' title='bbox 786 1154 932 1185; x_wconf 81' lang='lat' dir='ltr'>Danielis</span> <span class='ocrx_word' id='word_1_220' title='bbox 961 1154 1152 1185; x_wconf 85' lang='lat' dir='ltr'>emendandi</span> <span class='ocrx_word' id='word_1_221' title='bbox 1182 1154 1323 1185; x_wconf 86' lang='lat' dir='ltr'>studium</span> <span class='ocrx_word' id='word_1_222' title='bbox 1352 1166 1440 1186; x_wconf 88' lang='lat' dir='ltr'>revo-</span> 
     </span>
     <span class='ocr_line' id='line_1_21' title="bbox 165 1207 1441 1250; baseline 0 -11"><span class='ocrx_word' id='word_1_223' title='bbox 165 1208 284 1240; x_wconf 85' lang='lat' dir='ltr'>candas</span> <span class='ocrx_word' id='word_1_224' title='bbox 310 1220 379 1241; x_wconf 88' lang='lat' dir='ltr'>esse</span> <span class='ocrx_word' id='word_1_225' title='bbox 403 1211 528 1250; x_wconf 81' lang='lat' dir='ltr'>putem,</span> <span class='ocrx_word' id='word_1_226' title='bbox 552 1209 653 1240; x_wconf 85' lang='lat' dir='ltr'>veluti</span> <span class='ocrx_word' id='word_1_227' title='bbox 678 1220 707 1249; x_wconf 89' lang='lat' dir='ltr'>p.</span> <span class='ocrx_word' id='word_1_228' title='bbox 732 1209 766 1248; x_wconf 93' lang='grc'>2,</span> <span class='ocrx_word' id='word_1_229' title='bbox 790 1209 832 1239; x_wconf 81' lang='grc'>22</span> <span class='ocrx_word' id='word_1_230' title='bbox 853 1207 974 1250; x_wconf 83' lang='lat' dir='ltr'>(adnot.</span> <span class='ocrx_word' id='word_1_231' title='bbox 995 1207 1077 1248; x_wconf 85' lang='lat' dir='ltr'>crit.)</span> <span class='ocrx_word' id='word_1_232' title='bbox 1099 1211 1319 1248; x_wconf 69' lang='lat' dir='ltr'>praeposuerat</span> <span class='ocrx_word' id='word_1_233' title='bbox 1342 1210 1374 1240; x_wconf 82' lang='lat' dir='ltr'>et</span> <span class='ocrx_word' id='word_1_234' title='bbox 1397 1209 1441 1239; x_wconf 81' lang='lat' dir='ltr'>in-</span> 
     </span>
     <span class='ocr_line' id='line_1_22' title="bbox 164 1261 1441 1304; baseline 0.001 -12"><span class='ocrx_word' id='word_1_235' title='bbox 164 1262 317 1294; x_wconf 80' lang='lat' dir='ltr'>veniemus</span> <span class='ocrx_word' id='word_1_236' title='bbox 344 1273 403 1304; x_wconf 89' lang='lat' dir='ltr'>pro</span> <span class='ocrx_word' id='word_1_237' title='bbox 421 1265 571 1303; x_wconf 74' lang='lat' dir='ltr'>posuerat</span> <span class='ocrx_word' id='word_1_238' title='bbox 599 1264 631 1293; x_wconf 86' lang='lat' dir='ltr'>et</span> <span class='ocrx_word' id='word_1_239' title='bbox 654 1262 840 1302; x_wconf 72' lang='lat' dir='ltr'>invenimus,</span> <span class='ocrx_word' id='word_1_240' title='bbox 865 1272 895 1302; x_wconf 89' lang='lat' dir='ltr'>p.</span> <span class='ocrx_word' id='word_1_241' title='bbox 920 1261 954 1299; x_wconf 75' lang='lat'>(3,</span> <span class='ocrx_word' id='word_1_242' title='bbox 981 1261 1021 1292; x_wconf 83' lang='grc'>12</span> <span class='ocrx_word' id='word_1_243' title='bbox 1049 1262 1205 1302; x_wconf 69' lang='lat' dir='ltr'>clyentibus</span> <span class='ocrx_word' id='word_1_244' title='bbox 1233 1273 1291 1302; x_wconf 86' lang='lat' dir='ltr'>pro</span> <span class='ocrx_word' id='word_1_245' title='bbox 1316 1263 1441 1302; x_wconf 72' lang='lat' dir='ltr'>coqenti-</span> 
     </span>
     <span class='ocr_line' id='line_1_23' title="bbox 165 1315 1442 1357; baseline -0.001 -10"><span class='ocrx_word' id='word_1_246' title='bbox 165 1315 233 1354; x_wconf 76' lang='lat' dir='ltr'>bns,</span> <span class='ocrx_word' id='word_1_247' title='bbox 256 1326 286 1356; x_wconf 94' lang='lat' dir='ltr'>p.</span> <span class='ocrx_word' id='word_1_248' title='bbox 314 1316 367 1356; x_wconf 85' lang='lat'>17,</span> <span class='ocrx_word' id='word_1_249' title='bbox 391 1316 432 1347; x_wconf 79' lang='grc'>23</span> <span class='ocrx_word' id='word_1_250' title='bbox 456 1316 538 1347; x_wconf 62' lang='lat' dir='ltr'>dimit</span> <span class='ocrx_word' id='word_1_251' title='bbox 561 1327 619 1357; x_wconf 87' lang='lat' dir='ltr'>pro</span> <span class='ocrx_word' id='word_1_252' title='bbox 645 1316 764 1356; x_wconf 75' lang='lat' dir='ltr'>posuit,</span> <span class='ocrx_word' id='word_1_253' title='bbox 788 1327 818 1356; x_wconf 87' lang='lat' dir='ltr'>p.</span> <span class='ocrx_word' id='word_1_254' title='bbox 843 1315 899 1355; x_wconf 79' lang='grc'>25,</span> <span class='ocrx_word' id='word_1_255' title='bbox 923 1315 943 1345; x_wconf 84' lang='grc'>2</span> <span class='ocrx_word' id='word_1_256' title='bbox 972 1315 1036 1345; x_wconf 77' lang='lat' dir='ltr'>inici</span> <span class='ocrx_word' id='word_1_257' title='bbox 1064 1326 1122 1355; x_wconf 86' lang='lat' dir='ltr'>pro</span> <span class='ocrx_word' id='word_1_258' title='bbox 1152 1315 1261 1356; x_wconf 75' lang='lat' dir='ltr'>launa,</span> <span class='ocrx_word' id='word_1_259' title='bbox 1285 1327 1314 1357; x_wconf 86' lang='lat' dir='ltr'>p.</span> <span class='ocrx_word' id='word_1_260' title='bbox 1339 1316 1397 1356; x_wconf 76' lang='grc'>29,</span> <span class='ocrx_word' id='word_1_261' title='bbox 1423 1317 1442 1346; x_wconf 87' lang='grc'>2</span> 
     </span>
     <span class='ocr_line' id='line_1_24' title="bbox 164 1369 1443 1411; baseline 0 -11"><span class='ocrx_word' id='word_1_262' title='bbox 164 1369 331 1409; x_wconf 72' lang='lat' dir='ltr'>corripitur</span> <span class='ocrx_word' id='word_1_263' title='bbox 355 1381 413 1411; x_wconf 85' lang='lat' dir='ltr'>pro</span> <span class='ocrx_word' id='word_1_264' title='bbox 432 1371 630 1410; x_wconf 61' lang='lat' dir='ltr'>producitur,</span> <span class='ocrx_word' id='word_1_265' title='bbox 659 1381 689 1410; x_wconf 87' lang='lat' dir='ltr'>p.</span> <span class='ocrx_word' id='word_1_266' title='bbox 713 1369 769 1410; x_wconf 81' lang='lat'>30,</span> <span class='ocrx_word' id='word_1_267' title='bbox 796 1369 811 1399; x_wconf 95' lang='grc'>1</span> <span class='ocrx_word' id='word_1_268' title='bbox 843 1371 887 1400; x_wconf 80' lang='lat' dir='ltr'>est</span> <span class='ocrx_word' id='word_1_269' title='bbox 914 1379 972 1409; x_wconf 90' lang='lat' dir='ltr'>pro</span> <span class='ocrx_word' id='word_1_270' title='bbox 1001 1369 1126 1410; x_wconf 75' lang='lat' dir='ltr'>dicitur,</span> <span class='ocrx_word' id='word_1_271' title='bbox 1150 1380 1179 1410; x_wconf 90' lang='lat' dir='ltr'>p.</span> <span class='ocrx_word' id='word_1_272' title='bbox 1207 1370 1282 1410; x_wconf 72' lang='lat'>161,</span> <span class='ocrx_word' id='word_1_273' title='bbox 1306 1370 1326 1400; x_wconf 90' lang='grc'>2</span> <span class='ocrx_word' id='word_1_274' title='bbox 1354 1372 1443 1400; x_wconf 75' lang='lat' dir='ltr'>curat</span> 
     </span>
     <span class='ocr_line' id='line_1_25' title="bbox 164 1422 1441 1464; baseline 0.002 -11"><span class='ocrx_word' id='word_1_275' title='bbox 164 1433 222 1463; x_wconf 88' lang='lat' dir='ltr'>pro</span> <span class='ocrx_word' id='word_1_276' title='bbox 246 1423 324 1464; x_wconf 79' lang='lat' dir='ltr'>vult,</span> <span class='ocrx_word' id='word_1_277' title='bbox 348 1435 377 1464; x_wconf 87' lang='lat' dir='ltr'>p.</span> <span class='ocrx_word' id='word_1_278' title='bbox 402 1424 480 1464; x_wconf 78' lang='grc'><strong>266,</strong></span> <span class='ocrx_word' id='word_1_279' title='bbox 504 1424 523 1455; x_wconf 87' lang='grc'><strong>9</strong></span> <span class='ocrx_word' id='word_1_280' title='bbox 549 1424 659 1463; x_wconf 76' lang='lat' dir='ltr'>iniqua</span> <span class='ocrx_word' id='word_1_281' title='bbox 678 1423 838 1463; x_wconf 76' lang='lat' dir='ltr'>proferens</span> <span class='ocrx_word' id='word_1_282' title='bbox 863 1425 895 1453; x_wconf 88' lang='lat' dir='ltr'>et</span> <span class='ocrx_word' id='word_1_283' title='bbox 918 1433 938 1454; x_wconf 83' lang='grc' dir='ltr'><em>α</em></span> <span class='ocrx_word' id='word_1_284' title='bbox 963 1422 1091 1454; x_wconf 72' lang='lat' dir='ltr'>Graecis</span> <span class='ocrx_word' id='word_1_285' title='bbox 1114 1434 1172 1464; x_wconf 84' lang='lat' dir='ltr'>pro</span> <span class='ocrx_word' id='word_1_286' title='bbox 1199 1423 1333 1463; x_wconf 72' lang='lat' dir='ltr'>insiynia</span> <span class='ocrx_word' id='word_1_287' title='bbox 1351 1434 1441 1463; x_wconf 71' lang='lat' dir='ltr'>prae-</span> 
     </span>
     <span class='ocr_line' id='line_1_26' title="bbox 162 1475 1441 1516; baseline 0 -8"><span class='ocrx_word' id='word_1_288' title='bbox 162 1476 264 1516; x_wconf 77' lang='lat' dir='ltr'>ferens</span> <span class='ocrx_word' id='word_1_289' title='bbox 292 1478 323 1507; x_wconf 87' lang='lat' dir='ltr'>et</span> <span class='ocrx_word' id='word_1_290' title='bbox 351 1487 372 1508; x_wconf 82' lang='lat' dir='ltr'>a</span> <span class='ocrx_word' id='word_1_291' title='bbox 401 1477 535 1508; x_wconf 74' lang='lat' dir='ltr'>diversis.</span> <span class='ocrx_word' id='word_1_292' title='bbox 584 1479 723 1508; x_wconf 87' lang='lat' dir='ltr'>ceterum</span> <span class='ocrx_word' id='word_1_293' title='bbox 753 1477 863 1508; x_wconf 85' lang='lat' dir='ltr'>dubito</span> <span class='ocrx_word' id='word_1_294' title='bbox 893 1488 932 1507; x_wconf 87' lang='lat' dir='ltr'>an</span> <span class='ocrx_word' id='word_1_295' title='bbox 962 1475 1078 1507; x_wconf 82' lang='lat' dir='ltr'>Daniel</span> <span class='ocrx_word' id='word_1_296' title='bbox 1107 1476 1191 1507; x_wconf 82' lang='lat' dir='ltr'>lianc</span> <span class='ocrx_word' id='word_1_297' title='bbox 1219 1479 1344 1508; x_wconf 83' lang='lat' dir='ltr'>tantam</span> <span class='ocrx_word' id='word_1_298' title='bbox 1373 1488 1441 1508; x_wconf 87' lang='grc'><strong>11111-</strong></span> 
     </span>
     <span class='ocr_line' id='line_1_27' title="bbox 165 1529 1441 1571; baseline 0.002 -11"><span class='ocrx_word' id='word_1_299' title='bbox 165 1529 257 1560; x_wconf 90' lang='lat' dir='ltr'>tandi</span> <span class='ocrx_word' id='word_1_300' title='bbox 277 1529 438 1561; x_wconf 71' lang='lat' dir='ltr'>licentiam</span> <span class='ocrx_word' id='word_1_301' title='bbox 464 1530 537 1561; x_wconf 86' lang='lat' dir='ltr'>inde</span> <span class='ocrx_word' id='word_1_302' title='bbox 567 1530 628 1561; x_wconf 86' lang='lat' dir='ltr'>sibi</span> <span class='ocrx_word' id='word_1_303' title='bbox 654 1540 837 1561; x_wconf 77' lang='lat' dir='ltr'>concessam</span> <span class='ocrx_word' id='word_1_304' title='bbox 868 1540 936 1560; x_wconf 86' lang='lat' dir='ltr'>esse</span> <span class='ocrx_word' id='word_1_305' title='bbox 966 1530 1129 1570; x_wconf 84' lang='lat' dir='ltr'>putaverit</span> <span class='ocrx_word' id='word_1_306' title='bbox 1158 1530 1241 1571; x_wconf 86' lang='lat' dir='ltr'>quod</span> <span class='ocrx_word' id='word_1_307' title='bbox 1266 1530 1441 1562; x_wconf 86' lang='lat' dir='ltr'>Fuldensia</span> 
     </span>
     <span class='ocr_line' id='line_1_28' title="bbox 164 1583 1441 1625; baseline 0.001 -11"><span class='ocrx_word' id='word_1_308' title='bbox 164 1583 289 1614; x_wconf 83' lang='lat' dir='ltr'>scholia</span> <span class='ocrx_word' id='word_1_309' title='bbox 314 1583 354 1614; x_wconf 88' lang='lat' dir='ltr'>ab</span> <span class='ocrx_word' id='word_1_310' title='bbox 379 1594 416 1615; x_wconf 90' lang='lat' dir='ltr'>eo</span> <span class='ocrx_word' id='word_1_311' title='bbox 442 1584 496 1625; x_wconf 91' lang='lat' dir='ltr'>qui</span> <span class='ocrx_word' id='word_1_312' title='bbox 520 1583 660 1615; x_wconf 86' lang='lat' dir='ltr'>Parisini</span> <span class='ocrx_word' id='word_1_313' title='bbox 688 1583 771 1614; x_wconf 76' lang='lat'>1750</span> <span class='ocrx_word' id='word_1_314' title='bbox 801 1583 1069 1614; x_wconf 88' lang='lat' dir='ltr'>commentarium</span> <span class='ocrx_word' id='word_1_315' title='bbox 1094 1584 1288 1624; x_wconf 84' lang='lat' dir='ltr'>composuit,</span> <span class='ocrx_word' id='word_1_316' title='bbox 1317 1583 1441 1615; x_wconf 83' lang='lat' dir='ltr'>Floria-</span> 
     </span>
     <span class='ocr_line' id='line_1_29' title="bbox 165 1637 1440 1678; baseline 0.001 -10"><span class='ocrx_word' id='word_1_317' title='bbox 165 1637 274 1668; x_wconf 87' lang='lat' dir='ltr'>censia</span> <span class='ocrx_word' id='word_1_318' title='bbox 298 1637 338 1668; x_wconf 89' lang='lat' dir='ltr'>ab</span> <span class='ocrx_word' id='word_1_319' title='bbox 362 1637 402 1669; x_wconf 90' lang='lat' dir='ltr'>iis</span> <span class='ocrx_word' id='word_1_320' title='bbox 427 1637 481 1678; x_wconf 90' lang='lat' dir='ltr'>qui</span> <span class='ocrx_word' id='word_1_321' title='bbox 506 1637 725 1669; x_wconf 87' lang='lat' dir='ltr'>Turonensem</span> <span class='ocrx_word' id='word_1_322' title='bbox 750 1637 869 1668; x_wconf 84' lang='lat' dir='ltr'>librum</span> <span class='ocrx_word' id='word_1_323' title='bbox 889 1637 1124 1668; x_wconf 86' lang='lat' dir='ltr'>adnotaverunt</span> <span class='ocrx_word' id='word_1_324' title='bbox 1143 1637 1254 1668; x_wconf 84' lang='lat' dir='ltr'>multis</span> <span class='ocrx_word' id='word_1_325' title='bbox 1278 1637 1356 1668; x_wconf 90' lang='lat' dir='ltr'>locis</span> <span class='ocrx_word' id='word_1_326' title='bbox 1377 1649 1440 1669; x_wconf 86' lang='lat' dir='ltr'>non</span> 
     </span>
     <span class='ocr_line' id='line_1_30' title="bbox 165 1690 1440 1734; baseline 0.002 -14"><span class='ocrx_word' id='word_1_327' title='bbox 165 1690 279 1721; x_wconf 86' lang='lat' dir='ltr'>leviter</span> <span class='ocrx_word' id='word_1_328' title='bbox 312 1693 438 1722; x_wconf 89' lang='lat' dir='ltr'>mutata</span> <span class='ocrx_word' id='word_1_329' title='bbox 468 1702 538 1722; x_wconf 89' lang='lat' dir='ltr'>esse</span> <span class='ocrx_word' id='word_1_330' title='bbox 570 1691 707 1722; x_wconf 82' lang='lat' dir='ltr'>videbat.</span> <span class='ocrx_word' id='word_1_331' title='bbox 758 1701 860 1732; x_wconf 89' lang='lat' dir='ltr'>neque</span> <span class='ocrx_word' id='word_1_332' title='bbox 895 1690 1044 1732; x_wconf 80' lang='lat' dir='ltr'>aequales</span> <span class='ocrx_word' id='word_1_333' title='bbox 1081 1691 1148 1721; x_wconf 87' lang='lat' dir='ltr'>eius</span> <span class='ocrx_word' id='word_1_334' title='bbox 1178 1691 1274 1734; x_wconf 72' lang='lat' dir='ltr'>aliter</span> <span class='ocrx_word' id='word_1_335' title='bbox 1302 1691 1440 1723; x_wconf 83' lang='lat' dir='ltr'>sensisse</span> 
     </span>
     <span class='ocr_line' id='line_1_31' title="bbox 165 1743 1441 1785; baseline 0 -10"><span class='ocrx_word' id='word_1_336' title='bbox 165 1743 322 1775; x_wconf 74' lang='lat' dir='ltr'>videntur.</span> <span class='ocrx_word' id='word_1_337' title='bbox 364 1744 399 1775; x_wconf 89' lang='lat' dir='ltr'>iu</span> <span class='ocrx_word' id='word_1_338' title='bbox 423 1744 640 1775; x_wconf 87' lang='lat' dir='ltr'>Ambrosiano</span> <span class='ocrx_word' id='word_1_339' title='bbox 667 1744 751 1775; x_wconf 86' lang='lat' dir='ltr'>enim</span> <span class='ocrx_word' id='word_1_340' title='bbox 773 1744 891 1784; x_wconf 83' lang='lat' dir='ltr'>codice,</span> <span class='ocrx_word' id='word_1_341' title='bbox 917 1744 954 1774; x_wconf 88' lang='lat' dir='ltr'>de</span> <span class='ocrx_word' id='word_1_342' title='bbox 984 1755 1046 1785; x_wconf 85' lang='lat' dir='ltr'>quo</span> <span class='ocrx_word' id='word_1_343' title='bbox 1071 1744 1155 1775; x_wconf 84' lang='lat' dir='ltr'>infra</span> <span class='ocrx_word' id='word_1_344' title='bbox 1179 1743 1296 1784; x_wconf 81' lang='lat' dir='ltr'>dicam,</span> <span class='ocrx_word' id='word_1_345' title='bbox 1320 1744 1441 1776; x_wconf 90' lang='lat' dir='ltr'>Floria-</span> 
     </span>
     <span class='ocr_line' id='line_1_32' title="bbox 166 1796 1441 1839; baseline 0.002 -12"><span class='ocrx_word' id='word_1_346' title='bbox 166 1796 269 1828; x_wconf 87' lang='lat' dir='ltr'>eensis</span> <span class='ocrx_word' id='word_1_347' title='bbox 300 1799 332 1828; x_wconf 86' lang='lat' dir='ltr'>et</span> <span class='ocrx_word' id='word_1_348' title='bbox 360 1796 558 1828; x_wconf 87' lang='lat' dir='ltr'>Turonensis</span> <span class='ocrx_word' id='word_1_349' title='bbox 595 1797 718 1828; x_wconf 87' lang='lat' dir='ltr'>scholia</span> <span class='ocrx_word' id='word_1_350' title='bbox 755 1797 866 1828; x_wconf 86' lang='lat' dir='ltr'>eadem</span> <span class='ocrx_word' id='word_1_351' title='bbox 903 1797 1057 1828; x_wconf 82' lang='lat' dir='ltr'>libertate</span> <span class='ocrx_word' id='word_1_352' title='bbox 1093 1798 1233 1828; x_wconf 87' lang='lat' dir='ltr'>tractata</span> <span class='ocrx_word' id='word_1_353' title='bbox 1269 1800 1344 1829; x_wconf 89' lang='lat' dir='ltr'>sunt</span> <span class='ocrx_word' id='word_1_354' title='bbox 1379 1810 1441 1839; x_wconf 83' lang='lat' dir='ltr'>qua</span> 
     </span>
     <span class='ocr_line' id='line_1_33' title="bbox 165 1848 762 1882; baseline 0.002 -2"><span class='ocrx_word' id='word_1_355' title='bbox 165 1848 282 1881; x_wconf 79' lang='lat' dir='ltr'>Daniel</span> <span class='ocrx_word' id='word_1_356' title='bbox 305 1850 340 1880; x_wconf 93' lang='lat' dir='ltr'>in</span> <span class='ocrx_word' id='word_1_357' title='bbox 363 1849 577 1881; x_wconf 86' lang='lat' dir='ltr'>Fuldensibus</span> <span class='ocrx_word' id='word_1_358' title='bbox 602 1861 679 1881; x_wconf 86' lang='lat' dir='ltr'>usus</span> <span class='ocrx_word' id='word_1_359' title='bbox 704 1853 762 1882; x_wconf 89' lang='lat' dir='ltr'>est.</span> 
     </span>
    </p>

    <p class='ocr_par' dir='ltr' id='par_1_3' title="bbox 165 1902 1442 2372">
     <span class='ocr_line' id='line_1_34' title="bbox 255 1902 1441 1946; baseline 0.002 -12"><span class='ocrx_word' id='word_1_360' title='bbox 255 1902 317 1934; x_wconf 83' lang='lat' dir='ltr'>Sed</span> <span class='ocrx_word' id='word_1_361' title='bbox 346 1903 418 1934; x_wconf 88' lang='lat' dir='ltr'>aliis</span> <span class='ocrx_word' id='word_1_362' title='bbox 447 1903 544 1934; x_wconf 86' lang='lat' dir='ltr'>etiam</span> <span class='ocrx_word' id='word_1_363' title='bbox 572 1904 668 1935; x_wconf 89' lang='lat' dir='ltr'>rebus</span> <span class='ocrx_word' id='word_1_364' title='bbox 699 1904 845 1935; x_wconf 76' lang='lat' dir='ltr'>effectum</span> <span class='ocrx_word' id='word_1_365' title='bbox 881 1906 944 1945; x_wconf 85' lang='lat' dir='ltr'>est,</span> <span class='ocrx_word' id='word_1_366' title='bbox 978 1906 1013 1935; x_wconf 90' lang='lat' dir='ltr'>ut</span> <span class='ocrx_word' id='word_1_367' title='bbox 1047 1903 1190 1946; x_wconf 78' lang='lat' dir='ltr'>Scioppii</span> <span class='ocrx_word' id='word_1_368' title='bbox 1223 1904 1261 1935; x_wconf 87' lang='lat' dir='ltr'>de</span> <span class='ocrx_word' id='word_1_369' title='bbox 1290 1904 1441 1936; x_wconf 87' lang='lat' dir='ltr'>Fuldensi</span> 
     </span>
     <span class='ocr_line' id='line_1_35' title="bbox 165 1955 1442 1999; baseline 0.002 -13"><span class='ocrx_word' id='word_1_370' title='bbox 165 1955 356 1987; x_wconf 87' lang='lat' dir='ltr'>testimonia</span> <span class='ocrx_word' id='word_1_371' title='bbox 380 1959 669 1998; x_wconf 88' lang='lat' dir='ltr'>corrumperentur.</span> <span class='ocrx_word' id='word_1_372' title='bbox 712 1956 827 1989; x_wconf 86' lang='lat' dir='ltr'>Daniel</span> <span class='ocrx_word' id='word_1_373' title='bbox 853 1957 938 1988; x_wconf 85' lang='lat' dir='ltr'>enim</span> <span class='ocrx_word' id='word_1_374' title='bbox 963 1968 1044 1998; x_wconf 88' lang='lat' dir='ltr'>quae</span> <span class='ocrx_word' id='word_1_375' title='bbox 1065 1957 1104 1988; x_wconf 89' lang='lat' dir='ltr'>ab</span> <span class='ocrx_word' id='word_1_376' title='bbox 1129 1958 1185 1989; x_wconf 91' lang='lat' dir='ltr'>illo</span> <span class='ocrx_word' id='word_1_377' title='bbox 1211 1958 1371 1999; x_wconf 81' lang='lat' dir='ltr'>exscripta</span> <span class='ocrx_word' id='word_1_378' title='bbox 1395 1970 1442 1989; x_wconf 87' lang='lat' dir='ltr'>ac-</span> 
     </span>
     <span class='ocr_line' id='line_1_36' title="bbox 167 2009 1442 2052; baseline 0.002 -12"><span class='ocrx_word' id='word_1_379' title='bbox 167 2011 298 2051; x_wconf 85' lang='lat' dir='ltr'>ceperat</span> <span class='ocrx_word' id='word_1_380' title='bbox 325 2020 390 2040; x_wconf 89' lang='lat' dir='ltr'>non</span> <span class='ocrx_word' id='word_1_381' title='bbox 421 2009 491 2050; x_wconf 87' lang='lat' dir='ltr'>ipse</span> <span class='ocrx_word' id='word_1_382' title='bbox 520 2012 556 2041; x_wconf 83' lang='lat' dir='ltr'>ut</span> <span class='ocrx_word' id='word_1_383' title='bbox 579 2010 706 2042; x_wconf 87' lang='lat' dir='ltr'>videtur</span> <span class='ocrx_word' id='word_1_384' title='bbox 737 2010 777 2042; x_wconf 91' lang='lat' dir='ltr'>ad</span> <span class='ocrx_word' id='word_1_385' title='bbox 810 2022 902 2042; x_wconf 86' lang='lat' dir='ltr'>suum</span> <span class='ocrx_word' id='word_1_386' title='bbox 932 2011 1095 2052; x_wconf 84' lang='lat' dir='ltr'>exemplar</span> <span class='ocrx_word' id='word_1_387' title='bbox 1124 2011 1157 2042; x_wconf 90' lang='lat' dir='ltr'>in</span> <span class='ocrx_word' id='word_1_388' title='bbox 1191 2011 1366 2052; x_wconf 85' lang='lat' dir='ltr'>appendice</span> <span class='ocrx_word' id='word_1_389' title='bbox 1391 2012 1442 2042; x_wconf 85' lang='lat' dir='ltr'>ad-</span> 
     </span>
     <span class='ocr_line' id='line_1_37' title="bbox 168 2062 1441 2105; baseline 0.002 -12"><span class='ocrx_word' id='word_1_390' title='bbox 168 2062 398 2104; x_wconf 75' lang='lat' dir='ltr'>commodavit,</span> <span class='ocrx_word' id='word_1_391' title='bbox 429 2063 482 2094; x_wconf 87' lang='lat' dir='ltr'>sed</span> <span class='ocrx_word' id='word_1_392' title='bbox 507 2063 579 2094; x_wconf 87' lang='lat' dir='ltr'>aliis</span> <span class='ocrx_word' id='word_1_393' title='bbox 604 2063 706 2105; x_wconf 87' lang='lat' dir='ltr'>iisque</span> <span class='ocrx_word' id='word_1_394' title='bbox 730 2075 844 2105; x_wconf 86' lang='lat' dir='ltr'>parum</span> <span class='ocrx_word' id='word_1_395' title='bbox 868 2064 981 2105; x_wconf 87' lang='lat' dir='ltr'>peritis</span> <span class='ocrx_word' id='word_1_396' title='bbox 1009 2064 1196 2096; x_wconf 87' lang='lat' dir='ltr'>hominibus</span> <span class='ocrx_word' id='word_1_397' title='bbox 1221 2065 1252 2096; x_wconf 88' lang='lat' dir='ltr'>id</span> <span class='ocrx_word' id='word_1_398' title='bbox 1276 2065 1441 2105; x_wconf 76' lang='lat' dir='ltr'>negotium</span> 
     </span>
     <span class='ocr_line' id='line_1_38' title="bbox 166 2115 1442 2160; baseline 0.001 -13"><span class='ocrx_word' id='word_1_399' title='bbox 166 2116 342 2147; x_wconf 85' lang='lat' dir='ltr'>mandavit.</span> <span class='ocrx_word' id='word_1_400' title='bbox 385 2115 424 2147; x_wconf 89' lang='lat' dir='ltr'>cf.</span> <span class='ocrx_word' id='word_1_401' title='bbox 450 2116 555 2148; x_wconf 87' lang='lat' dir='ltr'>adnot.</span> <span class='ocrx_word' id='word_1_402' title='bbox 580 2117 648 2148; x_wconf 85' lang='lat' dir='ltr'>crit.</span> <span class='ocrx_word' id='word_1_403' title='bbox 673 2117 712 2148; x_wconf 87' lang='lat' dir='ltr'>ad</span> <span class='ocrx_word' id='word_1_404' title='bbox 736 2117 767 2147; x_wconf 83' lang='lat' dir='ltr'>II</span> <span class='ocrx_word' id='word_1_405' title='bbox 796 2118 857 2148; x_wconf 73' lang='lat'>124</span> <span class='ocrx_word' id='word_1_406' title='bbox 882 2116 924 2159; x_wconf 89' lang='lat' dir='ltr'>(p.</span> <span class='ocrx_word' id='word_1_407' title='bbox 950 2118 1027 2158; x_wconf 73' lang='lat'>239,</span> <span class='ocrx_word' id='word_1_408' title='bbox 1052 2117 1085 2159; x_wconf 81' lang='lat'>8)</span> <span class='ocrx_word' id='word_1_409' title='bbox 1111 2120 1143 2149; x_wconf 88' lang='lat' dir='ltr'>et</span> <span class='ocrx_word' id='word_1_410' title='bbox 1166 2117 1197 2148; x_wconf 88' lang='lat' dir='ltr'>H</span> <span class='ocrx_word' id='word_1_411' title='bbox 1222 2119 1284 2149; x_wconf 70' lang='lat'>678</span> <span class='ocrx_word' id='word_1_412' title='bbox 1311 2118 1355 2160; x_wconf 83' lang='lat' dir='ltr'>(p.</span> <span class='ocrx_word' id='word_1_413' title='bbox 1370 2118 1442 2153; x_wconf 80' lang='lat'>317,</span> 
     </span>
     <span class='ocr_line' id='line_1_39' title="bbox 168 2169 1442 2213; baseline 0.001 -13"><span class='ocrx_word' id='word_1_414' title='bbox 168 2169 230 2205; x_wconf 84' lang='lat'>18).</span> <span class='ocrx_word' id='word_1_415' title='bbox 269 2169 382 2200; x_wconf 88' lang='lat' dir='ltr'>deinde</span> <span class='ocrx_word' id='word_1_416' title='bbox 407 2170 435 2200; x_wconf 89' lang='lat' dir='ltr'>ei</span> <span class='ocrx_word' id='word_1_417' title='bbox 460 2170 514 2211; x_wconf 89' lang='lat' dir='ltr'>qui</span> <span class='ocrx_word' id='word_1_418' title='bbox 538 2170 688 2211; x_wconf 86' lang='lat' dir='ltr'>plagulas</span> <span class='ocrx_word' id='word_1_419' title='bbox 713 2171 896 2212; x_wconf 86' lang='lat' dir='ltr'>appendicis</span> <span class='ocrx_word' id='word_1_420' title='bbox 921 2171 1127 2213; x_wconf 85' lang='lat' dir='ltr'>corrigendas</span> <span class='ocrx_word' id='word_1_421' title='bbox 1153 2174 1357 2212; x_wconf 85' lang='lat' dir='ltr'>susceperant</span> <span class='ocrx_word' id='word_1_422' title='bbox 1378 2182 1442 2201; x_wconf 87' lang='lat' dir='ltr'>mu-</span> 
     </span>
     <span class='ocr_line' id='line_1_40' title="bbox 165 2223 1442 2265; baseline 0.001 -12"><span class='ocrx_word' id='word_1_423' title='bbox 165 2233 241 2253; x_wconf 88' lang='lat' dir='ltr'>nere</span> <span class='ocrx_word' id='word_1_424' title='bbox 274 2234 330 2254; x_wconf 89' lang='lat' dir='ltr'>suo</span> <span class='ocrx_word' id='word_1_425' title='bbox 363 2234 428 2254; x_wconf 87' lang='lat' dir='ltr'>non</span> <span class='ocrx_word' id='word_1_426' title='bbox 458 2234 496 2254; x_wconf 88' lang='lat' dir='ltr'>ea</span> <span class='ocrx_word' id='word_1_427' title='bbox 530 2234 593 2264; x_wconf 88' lang='lat' dir='ltr'>qna</span> <span class='ocrx_word' id='word_1_428' title='bbox 620 2223 780 2255; x_wconf 85' lang='lat' dir='ltr'>debebant</span> <span class='ocrx_word' id='word_1_429' title='bbox 809 2224 980 2265; x_wconf 80' lang='lat' dir='ltr'>diligentia</span> <span class='ocrx_word' id='word_1_430' title='bbox 1010 2225 1113 2256; x_wconf 76' lang='lat' dir='ltr'>functi</span> <span class='ocrx_word' id='word_1_431' title='bbox 1142 2227 1230 2265; x_wconf 84' lang='lat' dir='ltr'>sunt,</span> <span class='ocrx_word' id='word_1_432' title='bbox 1261 2236 1323 2265; x_wconf 81' lang='lat' dir='ltr'>qua</span> <span class='ocrx_word' id='word_1_433' title='bbox 1347 2224 1384 2254; x_wconf 86' lang='lat' dir='ltr'>de</span> <span class='ocrx_word' id='word_1_434' title='bbox 1408 2235 1442 2254; x_wconf 91' lang='lat' dir='ltr'>re</span> 
     </span>
     <span class='ocr_line' id='line_1_41' title="bbox 166 2275 1442 2319; baseline 0.001 -13"><span class='ocrx_word' id='word_1_435' title='bbox 166 2275 290 2316; x_wconf 86' lang='lat' dir='ltr'>primus</span> <span class='ocrx_word' id='word_1_436' title='bbox 315 2276 400 2317; x_wconf 92' lang='lat' dir='ltr'>quod</span> <span class='ocrx_word' id='word_1_437' title='bbox 425 2276 525 2308; x_wconf 87' lang='lat' dir='ltr'>sciam</span> <span class='ocrx_word' id='word_1_438' title='bbox 556 2279 687 2317; x_wconf 84' lang='lat' dir='ltr'>questus</span> <span class='ocrx_word' id='word_1_439' title='bbox 713 2279 762 2308; x_wconf 88' lang='lat' dir='ltr'>est</span> <span class='ocrx_word' id='word_1_440' title='bbox 790 2277 926 2308; x_wconf 86' lang='lat' dir='ltr'>Iacobus</span> <span class='ocrx_word' id='word_1_441' title='bbox 950 2277 1149 2319; x_wconf 85' lang='lat' dir='ltr'>Bongarsius</span> <span class='ocrx_word' id='word_1_442' title='bbox 1178 2278 1211 2308; x_wconf 88' lang='lat' dir='ltr'>in</span> <span class='ocrx_word' id='word_1_443' title='bbox 1241 2277 1377 2318; x_wconf 87' lang='lat' dir='ltr'>epistola</span> <span class='ocrx_word' id='word_1_444' title='bbox 1403 2277 1442 2307; x_wconf 88' lang='lat' dir='ltr'>ad</span> 
     </span>
     <span class='ocr_line' id='line_1_42' title="bbox 170 2327 1441 2372; baseline 0.002 -13"><span class='ocrx_word' id='word_1_445' title='bbox 170 2327 358 2370; x_wconf 76' lang='lat' dir='ltr'>Scioppium</span> <span class='ocrx_word' id='word_1_446' title='bbox 383 2329 458 2361; x_wconf 81' lang='lat' dir='ltr'>data</span> <span class='ocrx_word' id='word_1_447' title='bbox 488 2341 584 2372; x_wconf 83' lang='lat' dir='ltr'>quain</span> <span class='ocrx_word' id='word_1_448' title='bbox 613 2330 696 2372; x_wconf 87' lang='lat' dir='ltr'>apud</span> <span class='ocrx_word' id='word_1_449' title='bbox 719 2329 892 2372; x_wconf 86' lang='lat' dir='ltr'>Hagenum</span> <span class='ocrx_word' id='word_1_450' title='bbox 919 2331 952 2362; x_wconf 88' lang='lat' dir='ltr'>in</span> <span class='ocrx_word' id='word_1_451' title='bbox 981 2331 1250 2363; x_wconf 79' lang='lat' dir='ltr'>commentatione</span> <span class='ocrx_word' id='word_1_452' title='bbox 1280 2329 1317 2362; x_wconf 90' lang='lat' dir='ltr'>de</span> <span class='ocrx_word' id='word_1_453' title='bbox 1346 2329 1441 2362; x_wconf 88' lang='lat' dir='ltr'>Petro</span> 
     </span>
    </p>
   </div>
  </div>
 </body>
</html>
