1690 2611
158 673 190 696 10

158 940 189 963 15

157 1473 189 1496 25

212 104 276 135 216
789 104 909 131 SERVII

210 186 294 217 lecta
319 187 407 216 sunt:
436 187 473 216 ut
495 185 647 227 Hyginus
671 189 699 218 ct
724 187 840 219 Tubero
863 186 988 227 dicunt,
1015 186 1310 218 machinamentum
1338 187 1489 219 bellicum

210 239 284 279 fuit,
308 239 388 278 quod
409 249 502 278 equus
525 240 712 280 appellatur,
735 241 815 271 sicut
837 240 930 279 aries,
954 240 1033 271 sieut
1056 240 1184 280 testudo,
1207 241 1315 280 quibus
1338 242 1422 272 muri
1444 241 1490 272 vel

209 292 320 323 discuti·
338 292 383 323 vel
401 292 509 323 subrui
527 293 638 324 solent:
662 293 744 324 unde.
765 296 813 324 est
833 294 916 333 <46>
936 295 1001 324 aut
1024 292 1117 323 haec
1136 293 1175 323 in
1193 296 1349 325 nostros
1369 294 1432 325 fab
1441 294 1488 326 ri-

210 348 297 376 cata
316 347 375 376 est
399 346 575 377 machina
595 357 736 377 muros:
761 350 797 378 ut
817 346 885 387 alii,
905 347 999 387 porta
1020 357 1116 387 quam
1132 346 1177 377 eis
1193 346 1340 378 Antenor
1355 348 1490 389 aperuit,

211 409 327 439 equum
346 398 467 439 pictum
487 399 639 431 habuisse
660 386 873 440 memoratur,
898 399 948 430 vel
972 401 1057 431 certe
1077 399 1252 431 Antenoris
1276 400 1403 442 domus,
1427 412 1489 442 quo

209 454 319 492 posset
339 452 481 493 agnosci.
518 463 580 484 non
599 453 679 484 nulli
698 453 819 493 sianum
840 453 908 492 equi
931 453 1051 493 datmn,
1076 455 1108 484 ut
1132 453 1364 485 internoscerent
1378 453 1491 486 Graeci

208 515 292 545 suos,
315 506 359 536 vel
382 505 486 537 hostes.
532 517 553 537 α
576 506 757 545 quibusdam
785 507 898 537 ‹lic-itm·
924 506 1009 545 facta
1029 507 1206 547 proditione
1223 508 1430 548 praedictmn,
1453 518 1491 539 ne

209 559 278 598 quis
296 569 348 590 eas
366 559 470 590 domos
488 560 629 599 violaret,
653 569 786 598 quarum
805 561 875 590 ante
894 559 1024 590 {auitam
1043 569 1136 599 equus
1155 562 1228 591 esset
1246 560 1388 601 depictus,
1410 561 1491 592 unde

209 612 377 643 Antenoris
400 615 427 643 ct
450 615 614 643 ceterorum
638 613 745 643 domus
769 613 892 652 aquitae
914 615 992 644 szmt.
1031 615 1087 644 aut
1105 613 1179 653 quia
1199 613 1341 654 equestri
1365 614 1489 654 proelio

210 665 296 696 victa
320 667 370 697 est
393 665 500 698 Troia.
547 668 603 697 aut
627 677 646 696 a
670 668 780 697 monte
804 665 942 706 Hippio,
970 668 1045 706 post
1073 677 1168 707 quem
1198 677 1232 697 se
1257 666 1491 698 absconderant

210 718 337 759 Graeci,
357 719 440 750 unde
461 721 493 750 et
512 719 636 750 adludit
657 719 771 750 ‘instar
786 719 905 750 montis
924 718 1067 761 equum'3
1090 722 1126 751 ut
1144 719 1244 760 <VIII
1261 720 1345 760 691>
1361 721 1491 761 pelayo

209 773 335 803 credas
365 773 497 803 innare
527 773 694 804 revulsas
723 771 912 812 Cycladas.
959 774 1014 803 aut
1043 783 1076 803 re
1104 783 1180 803 vera
1209 772 1270 804 hoc
1298 773 1374 814 fuit,
1408 773 1492 814 quod

212 825 372 865 Vergilius
407 826 559 866 sequitur.
605 826 657 857 scd
691 826 799 857 melius
831 825 1070 856 machinamenti
1099 836 1196 865 yemis
1228 827 1403 866 accipimus.

209 888 378 911 PALLADIS
410 888 499 910 ARTE
535 881 590 910 aut
620 879 801 920 ingeniose,
833 882 889 909 aut
919 879 1041 919 dolose,
1072 889 1109 909 ac
1134 878 1161 909 si
1190 879 1324 918 diceret,
1357 879 1491 911 consilio

210 933 312 964 iratae
337 933 428 972 deae,
452 943 533 973 quae
558 932 622 963 fuit
646 932 777 964 inimica
800 932 958 963 Troianis.

301 986 348 1016 16.
378 994 591 1017 AEDIFICANT
611 986 792 1027 translatio,
812 988 848 1017 ut
864 985 974 1017 Cicero
994 997 1125 1017 navem
1146 986 1220 1018 tibi
1241 986 1492 1018 aedificatam

209 1049 291 1070 esse
311 1038 520 1070 Messanae.
558 1039 636 1070 item
657 1048 840 1070 INTEXVNT
865 1041 901 1070 ut
922 1040 984 1079 ipse
1003 1039 1079 1071 alibi·
1098 1039 1165 1079 <XI
1182 1040 1268 1080 326>
1292 1039 1351 1070 bis
1375 1040 1492 1071 denas

209 1091 309 1122 Italo
335 1094 509 1124 texamus
534 1093 674 1123 robore
698 1092 819 1123 navis.
906 1094 1094 1131 “mmmm-m]
1120 1093 1279 1133 aedificari
1301 1093 1383 1124 enim
1406 1093 1493 1124 habi-

210 1145 312 1176 meula
338 1144 498 1176 hommum
521 1146 667 1183 dicimus;
696 1156 771 1176 mim
794 1146 859 1176 ideo
887 1145 936 1176 hic
958 1146 994 1176 de
1017 1156 1090 1185 equo
1116 1145 1317 1186 “aedificant’‚
1347 1147 1400 1186 qui
1427 1149 1494 1178 erat

209 1198 344 1230 homines
362 1201 552 1239 reeepturus;
576 1200 621 1231 vel
638 1202 764 1240 propter
782 1199 1034 1239 maynitudinem.
1116 1200 1276 1238 nvrnxrsvr]
1303 1200 1377 1239 quia
1400 1210 1493 1232 naves

210 1253 271 1284 texi
294 1253 453 1289 dicuntum
477 1263 552 1283 ozam
575 1253 640 1284 ideo
663 1252 716 1283 ubi
740 1262 830 1283 naves
852 1252 933 1292 fiunt
957 1253 1123 1283 textrinum
1146 1255 1279 1283 vocatur.
1364 1242 1492 1285 ABIETii:

211 1314 338 1338 COSTAS
367 1317 431 1337 non
461 1306 529 1337 sine
553 1306 678 1337 ratione
703 1305 867 1347 Vergilius
892 1305 952 1337 hoc
980 1305 1051 1337 loco
1081 1305 1220 1337 abietem
1251 1308 1493 1347 commemorat,

210 1359 287 1390 item
313 1370 437 1390 acerem
463 1362 495 1390 et
518 1359 630 1400 pinum
658 1359 754 1400 paulo
784 1361 872 1400 post:
900 1370 977 1390 nam
1005 1359 1176 1390 fulminata
1205 1359 1294 1390 abies
1324 1359 1491 1391 interitum

211 1412 359 1444 dominae
380 1412 555 1454 significat,
579 1415 611 1444 et
631 1412 730 1443 Troia
753 1423 810 1453 per
830 1408 983 1443 feminam
1008 1412 1111 1453 periit.
1150 1422 1221 1443 acer
1241 1423 1316 1443 vero
1337 1412 1371 1443 in
1390 1413 1493 1445 tutela

211 1465 360 1506 Stuporis
386 1467 450 1496 est:
475 1468 507 1497 et
531 1466 600 1497 viso
626 1476 718 1507 equo>
733 1467 884 1506 stupuere
908 1464 1055 1506 Troiani,
1079 1468 1115 1496 ut
1139 1465 1223 1506 <31>
1247 1476 1336 1506 pars
1362 1467 1493 1507 stupet

284 1584 295 1606 1
317 1580 574 1606 machinamentum
596 1601 600 1605 .
622 1601 627 1606 .
649 1602 654 1606 .
675 1579 777 1614 solent]
798 1579 831 1605 cf.
853 1579 922 1606 Plin.
942 1580 1000 1606 nat.
1020 1579 1084 1606 hist.
1104 1580 1155 1605 VII
1175 1582 1225 1606 202
1249 1581 1258 1614 ΙΙ
1283 1583 1314 1606 16
1336 1579 1444 1615 Cicero]
1464 1580 1493 1606 in

212 1615 287 1642 Vei-r.
308 1617 360 1641 act.
382 1616 405 1641 11
427 1616 473 1643 lib.
494 1616 527 1649 11,
546 1620 569 1648 5,
587 1619 618 1641 13
641 1615 680 1641 Ὃ.
701 1615 801 1641 Heium
823 1615 944 1641 iuratum
963 1615 1055 1641 dicere
1075 1615 1192 1641 audistis
1211 1615 1259 1641 isti
1278 1624 1378 1642 navem
1398 1624 1492 1642 onera-

210 1651 280 1677 riam
301 1651 451 1677 maximam
470 1651 616 1677 Messanae
636 1659 695 1677 esse
715 1651 825 1684 publice
846 1651 950 1677 coactis
970 1650 1060 1684 operis
1080 1650 1278 1691 aedificatam'⁶

284 1761 295 1783 1
318 1758 349 1783 ut
368 1757 441 1784 enim
463 1758 485 1784 O
497 1759 506 1791 ΙΙ
525 1758 594 1784 dicit
613 1757 751 1784 LHME
763 1758 772 1791 1]
792 1760 806 1783 2
827 1765 912 1790 equus
934 1758 980 1784 0.-
1000 1757 1077 1791 equis
1098 1757 1141 1798 CJ!
1161 1761 1175 1783 5
1196 1766 1297 1791 equum
1318 1778 1322 1784 .
1340 1779 1345 1784 .
1363 1779 1367 1784 .
1388 1766 1492 1785 memo-

211 1793 299 1828 ratm]
325 1802 425 1826 <quum
450 1794 550 1819 habuit
573 1793 679 1827 pictum
701 1793 723 1819 G
744 1794 752 1827 ΙΙ
776 1793 821 1819 vel
841 1794 914 1819 certe
936 1813 940 1818 .
962 1814 967 1819 .
989 1814 994 1819 .
1015 1792 1129 1827 agnosci
1149 1801 1198 1819 om.
1221 1793 1243 1819 O
1262 1795 1270 1827 ΙΙ
1295 1797 1309 1820 6
1330 1794 1419 1827 possit
1437 1794 1492 1824 Ε

212 1834 227 1853 8
247 1829 321 1863 quis]
342 1828 365 1854 is
385 1830 415 1854 in
436 1838 488 1855 vax.
506 1829 592 1863 03119
613 1829 753 1855 antenoris
775 1828 822 1855 0².-
842 1829 944 1855 antoris
966 1828 1056 1863 01110
1076 1828 1181 1863 hyppio
1198 1829 1222 1854 L
1251 1829 1357 1863 hyppio
1374 1829 1405 1855 Η
1431 1830 1460 1863 ip
1462 1838 1492 1856 so

214 1864 236 1889 (J
263 1864 349 1897 lippio
371 1865 413 1890 M.
439 1866 554 1896 sortasse
573 1865 672 1905 Hippo
684 1866 693 1897 Η
716 1864 921 1890 absconderunt
942 1864 964 1890 ζ’
976 1866 984 1897 ΙΙ
1007 1867 1037 1890 11
1059 1864 1163 1890 adlusit
1183 1864 1205 1890 C
1222 1865 1230 1898 ΙΙ
1254 1873 1356 1898 equum
1375 1873 1424 1891 om,
1446 1864 1468 1891 O
1485 1865 1493 1899 Η

214 1902 244 1925 12
266 1900 374 1934 innare]
400 1899 427 1925 in
448 1909 473 1925 m
477 1908 522 1926 are
545 1900 586 1933 Ul
583 1901 591 1934 Η
614 1903 646 1926 14
666 1899 825 1933 ingeniosae
845 1901 893 1926 'tut
912 1900 1023 1926 dolosae
1044 1900 1073 1925 E
1090 1901 1099 1933 ΙΙ
1125 1903 1155 1925 16
1176 1901 1212 1926 ad
1231 1909 1254 1926 v.
1278 1904 1308 1926 16
1328 1900 1491 1928 Aedificant.

212 1936 353 1968 intexunt]
374 1935 439 1968 quia
459 1944 542 1962 naues
562 1936 692 1961 dicuntur
711 1935 780 1968 texi,
800 1944 864 1961 nam
884 1936 931 1962 ubi
952 1944 1036 1962 naues
1056 1936 1126 1961 fiunt
1145 1935 1297 1962 textrinum
1312 1937 1441 1969 uocatur,
1461 1937 1493 1962 ut

212 1970 271 2003 ipse
293 1970 346 1996 ‘bis
367 1971 451 1996 denas
474 1971 543 1997 Italo
563 1974 689 1997 texamus
710 1971 806 1997 robore
826 1971 934 1997 naues’.
969 1971 1080 2005 Abiete]
1101 1971 1203 1997 solutio
1223 1972 1266 1997 est
1286 1972 1401 2005 spondei
1420 1979 1492 1998 nunc

212 2006 239 2031 in
265 2006 530 2039 proceleumaticum
553 2006 809 2040 (proclematicum).
844 2006 985 2032 sciendum
1006 2008 1099 2033 autem
1120 2006 1270 2040 Virgilium
1289 2015 1412 2033 seruasse
1431 2006 1491 2033 ubi-

213 2050 265 2074 que
286 2041 340 2067 ista.
360 2041 386 2066 in
407 2042 544 2068 solutione
564 2042 616 2068 sibi
636 2041 843 2068 excusationem
868 2042 1037 2075 sinaliphae‚
1062 2042 1136 2075 quod
1161 2042 1209 2069 alii
1229 2043 1418 2069 contemnunt.
1439 2042 1466 2068 P
1483 2042 1492 2076 Η

212 2086 369 2102 nummum*
390 2078 535 2103 translatio
556 2077 695 2104 aedificari
715 2077 788 2103 enim
809 2100 814 2104 .
832 2099 836 2103 .
853 2098 858 2103 .
879 2078 1101 2111 magnitudinem
1122 2079 1153 2104 ut
1168 2077 1257 2104 cicero
1277 2099 1282 2104 .
1299 2100 1304 2104 .
1321 2100 1326 2105 .
1346 2085 1491 2104 messanae

213 2111 409 2143 15'1*1;xvxv’(.51'c
426 2113 458 2137 (Ν
479 2113 597 2139 intexuit
613 2113 645 2146 C)
665 2113 730 2146 quia
750 2122 834 2139 naues
855 2135 859 2139 .
877 2134 881 2139 .
899 2134 904 2139 .
926 2115 1042 2139 uocatur
1060 2115 1092 2139 ut
1109 2113 1169 2147 ipse
1189 2113 1257 2139 alibi
1277 2134 1282 2139 .
1298 2134 1303 2140 .
1320 2133 1325 2139 .
1347 2121 1432 2139 naues
1449 2113 1491 2147 03}

213 2147 359 2173 translatio
379 2156 396 2174 a
414 2148 532 2174 nauibus
554 2149 577 2174 L
587 2149 690 2174 ΙΙΜΕ
711 2150 720 2182 ΙΙ
743 2149 836 2175 nanim
857 2158 881 2174 m
905 2150 913 2182 ΙΙ
937 2152 970 2175 22
991 2149 1043 2175 hoc
1063 2149 1189 2183 uirgilius
1212 2149 1274 2175 loco
1295 2148 1317 2174 G
1338 2150 1347 2182 ΙΙ
1370 2148 1491 2175 abietem

213 2191 262 2209 om.
275 2184 304 2216 (ι’,
324 2192 399 2216 supr.
416 2192 481 2209 rem,
498 2185 560 2210 add.
574 2185 607 2209 (1²
621 2186 630 2217 ΙΙ
646 2188 677 2210 ‘33
694 2193 801 2210 acerem
819 2185 955 2210 LJIME
974 2186 1007 2217 cf.
1023 2185 1060 2211 acl
1075 2186 1143 2211 Aen.
1161 2184 1197 2210 lX
1208 2186 1250 2217 87,
1269 2184 1317 2210 ubi
1331 2192 1410 2210 acere
1426 2184 1492 2210 libri

213 2219 264 2245 mei
281 2222 389 2252 praeter
404 2219 649 2252 llamhmycnscm,
668 2221 717 2253 qui
736 2222 827 2246 atcerte
843 2221 967 2254 praebet:
986 2229 1097 2247 acerum
1114 2220 1141 2246 C'.
1170 2220 1240 2246 idem
1254 2220 1405 2246 exhibuisse
1419 2220 1491 2246 vide-

214 2258 259 2280 tur
278 2255 302 2280 is
321 2255 388 2280 liber
411 2263 462 2288 quo
482 2255 644 2281 Priscianus
664 2264 729 2281 usus
748 2258 798 2287 est,
822 2256 925 2289 qwffiVI
946 2259 979 2282 44
1004 2256 1025 2288 (1
1044 2264 1070 2289 p.
1091 2258 1151 2288 232,
1173 2258 1203 2281 13
1216 2255 1264 2288 H.)
1290 2255 1390 2281 ‘haec
1414 2263 1492 2281 acer

214 2290 313 2316 arbor
337 2289 407 2316 acri
427 2291 498 2322 (fort.
520 2291 602 2316 haec
627 2300 703 2317 acer
722 2291 823 2324 (arbor)
843 2291 944 2323 aceri)
970 2291 1039 2317 dicit
1062 2291 1173 2317 Servius
1199 2290 1227 2316 in
1252 2291 1408 2317 commento
1430 2291 1488 2317 Vir-

213 2325 296 2359 gilii’.
321 2326 354 2358 cs.
372 2325 455 2352 Prisc.
472 2326 496 2352 V
515 2329 544 2351 15
560 2327 568 2360 ΙΙ
583 2327 612 2352 et
630 2326 778 2352 fulminata
795 2326 817 2352 G
828 2328 837 2360 ΙΙ
851 2329 885 2352 24
905 2326 988 2360 periit
1002 2327 1040 2352 L:
1059 2326 1133 2360 perit
1148 2325 1247 2353 OHM
1259 2326 1268 2360 ss
1283 2328 1315 2352 25
1336 2327 1368 2352 ut
1386 2326 1446 2353 uiso
1461 2327 1491 2353 E
