1690 2611
672 128 887 155 PRAEFATIO.
1346 131 1421 157 XXV

139 210 298 243 Macrobii
323 213 478 252 auctores,
504 222 617 242 vereor
641 213 676 242 ut
700 222 854 252 umquam
879 212 926 242 ita
950 212 1102 253 indagari
1125 213 1244 254 possit,
1273 215 1308 244 ut
1331 214 1421 244 nulla

140 266 270 296 maneat
294 264 467 296 dubitatio.
504 265 583 296 illud
601 264 728 306 quidem
744 267 866 306 quaest.
883 264 969 296 Serv.
985 277 1014 306 p.
1032 266 1073 297 52
1093 269 1179 298 recte
1200 266 1319 298 dixisse
1340 267 1420 298 mihi

139 318 258 358 videor,
281 329 347 350 non
363 329 378 349 e
394 318 557 359 perpetuis
579 318 633 359 qui
653 318 761 349 vocari
782 318 887 349 solent
906 320 1147 351 commentariis
1169 331 1227 351 sua
1247 320 1419 362 collegisse

140 371 356 412 Macrobium,
381 372 436 403 sed
460 372 527 403 eius
552 371 639 403 modi
663 371 765 403 libros
790 372 1014 413 exscripsisse,
1039 373 1154 414 quibus
1179 374 1328 414 neglecto
1353 385 1421 405 ver-

104 455 110 464 ,
141 436 233 456 suum
268 425 379 456 ordine
413 426 559 467 singulae
594 425 813 466 quaestiones,
847 425 947 456 veluti
972 426 1009 456 de
1035 426 1180 458 doctrina
1205 427 1354 468 Vergilii,
1384 428 1421 458 de

141 479 301 510 oratoriae
335 479 414 511 artis
447 479 627 520 praeceptis
662 479 702 510 ab
733 489 770 510 eo
800 478 973 519 diligenter
998 480 1192 521 observatis,
1217 481 1254 511 de
1281 481 1420 512 aliorum

141 534 310 573 poetarum
339 532 523 564 imitatione
552 532 730 564 continenti
755 532 957 573 expositione
982 535 1142 564 tractatae
1168 535 1283 565 essent.
1295 533 1317 575 ¹)
1366 534 1421 565 sed

142 585 208 617 eius
233 585 320 616 modi
344 585 419 616 libri
443 597 461 617 a
486 586 601 626 quibus
627 586 798 627 compositi
822 586 958 627 fuerint,
990 598 1029 617 ne
1054 587 1268 627 suspitionem
1293 588 1420 628 quidem

141 639 254 670 habeo.
309 650 407 670 unum
439 641 541 671 restat
566 639 650 680 quod
675 650 837 679 moneam,
871 640 953 670 sexti
986 640 1060 671 libri
1092 640 1209 681 capitis
1236 641 1333 681 sexti,
1358 652 1420 681 quo

142 691 270 723 Servius
295 693 388 724 docet
412 704 494 734 quae
519 692 685 734 Vergilius
710 693 832 734 primus
858 693 995 734 figurate
1021 693 1147 734 dixerit,
1171 694 1330 725 rationem
1356 706 1421 725 non

142 745 332 777 dissimilem
366 757 434 777 esse
469 746 715 787 quaestionibus
749 746 814 777 illis
839 746 1037 788 Vergilianis
1073 747 1112 778 ab
1142 746 1282 778 Henrico
1312 748 1420 779 Keilio

142 800 251 841 editis,
281 811 360 841 quas
389 811 426 831 ex
450 800 550 841 Aspri
574 799 675 840 copiis
701 799 862 831 derivatas
893 811 962 831 esse
986 800 1125 831 Parisini
1150 800 1236 840 libri,
1270 812 1333 842 quo
1358 813 1420 833 uno

144 855 291 885 servatae
317 856 405 895 sunt,
438 853 633 885 testimoniis
659 855 800 894 constat,
834 853 872 884 de
897 864 1034 894 quorum
1058 853 1118 885 fide
1143 865 1207 885 non
1232 854 1420 886 dubitarunt

143 907 204 939 viri
227 907 322 939 docti.

230 960 319 992 Haec
344 961 536 1001 scripseram
562 971 633 992 cum
655 962 821 992 auctorum
842 960 995 992 beneficio
1016 961 1097 993 mihi
1118 963 1329 994 transmissae
1351 966 1425 994 sunt

142 1014 290 1056 Hugonis
315 1013 417 1045 Linke
442 1015 474 1045 et
499 1013 631 1055 Georgii
646 1014 810 1045 Wissowa
834 1015 870 1045 de
891 1014 1050 1046 Macrobii
1071 1014 1330 1047 Saturnaliorum
1358 1017 1423 1048 fon-

142 1068 229 1099 tibus
255 1068 543 1099 commentationes
559 1067 780 1099 Vratislaviae
804 1068 865 1099 hac
889 1069 960 1109 ipsa
985 1070 1108 1100 aestate
1133 1069 1244 1101 editae.
1283 1071 1425 1111 probant

142 1122 273 1153 iuvenes
294 1122 471 1153 doctissimi
491 1121 576 1163 quod
592 1121 696 1153 Servii
717 1122 983 1153 commentarium
1005 1134 1023 1153 a
1038 1122 1204 1154 Macrobio
1226 1124 1424 1165 exscriptum

143 1186 212 1206 esse
241 1174 371 1215 negavi,
406 1174 602 1205 dissentiunt
626 1186 644 1205 a
669 1185 718 1205 me
744 1186 815 1205 cum
841 1186 876 1206 ea
903 1186 984 1216 quae
1009 1175 1209 1216 plenioribus
1234 1178 1327 1208 libris
1352 1189 1423 1209 cum

143 1227 370 1260 Saturnalibus
400 1228 582 1259 communia
612 1230 687 1259 sunt
716 1240 752 1259 ex
782 1228 833 1259 his
866 1228 900 1259 in
925 1229 1000 1260 illos
1026 1230 1186 1261 translata
1211 1242 1280 1262 esse
1305 1231 1423 1263 dicunt.

143 1283 178 1313 at
202 1282 229 1313 si
253 1292 356 1322 pauca
379 1283 507 1313 tantum
532 1293 597 1313 non
617 1293 632 1312 e
652 1281 810 1314 Macrobii
836 1283 929 1323 libro,
955 1283 1010 1314 sed
1036 1295 1074 1314 ex
1098 1284 1165 1315 eius
1192 1284 1279 1315 fonte
1305 1285 1336 1316 in
1361 1285 1425 1326 ple-

143 1335 267 1367 niorem
300 1335 566 1367 commentarium
598 1335 744 1367 derivata
777 1347 846 1367 esse
874 1347 933 1377 pro
964 1338 1049 1368 certo
1075 1337 1138 1368 dici
1162 1340 1283 1379 potest,
1318 1340 1425 1370 cetera

146 1399 271 1430 quoque
303 1388 379 1430 quin
411 1388 485 1419 inde
516 1389 620 1429 petita
652 1389 718 1420 sint
748 1401 812 1421 non
842 1389 933 1421 video
963 1400 1018 1421 cur
1047 1390 1245 1432 dubitemus,
1279 1392 1424 1432 quamvis

144 1452 263 1483 magna
293 1442 336 1473 sit
366 1442 452 1473 inter
481 1441 637 1474 Macrobii
671 1445 702 1474 et
734 1443 928 1475 scholiastae
960 1444 1059 1474 verba
1090 1444 1279 1476 similitudo.
1332 1446 1421 1486 atqui

144 1495 268 1527 duobus
297 1496 376 1526 locis
407 1496 459 1536 qui
492 1498 566 1527 sunt
590 1506 699 1537 georg.
723 1496 738 1527 Ι
763 1496 827 1527 269
853 1498 885 1527 et
909 1497 973 1527 272
998 1498 1030 1527 et
1054 1497 1134 1528 Aen.
1158 1498 1238 1529 VIII
1264 1499 1327 1530 288
1353 1498 1425 1530 Lin-

148 1549 220 1580 kius
253 1549 321 1589 ipse
355 1549 513 1580 concessit
543 1560 606 1580 non
639 1561 708 1580 esse
740 1550 811 1590 ipsa
843 1549 1027 1582 Saturnalia
1058 1550 1216 1582 adhibita.
1271 1552 1355 1583 idem
1386 1552 1424 1583 de

148 1602 278 1633 scholiis
304 1602 343 1634 ad
368 1601 445 1633 Aen.
471 1602 502 1633 II
528 1603 592 1633 225
617 1604 649 1634 et
672 1602 720 1634 III
745 1603 787 1634 85
812 1603 864 1634 vix
888 1604 1010 1644 poterit
1033 1615 1098 1635 non
1122 1605 1309 1636 concedere:
1347 1617 1423 1637 nam

144 1655 200 1686 illo
226 1656 295 1687 loco
321 1667 401 1697 quae
426 1655 600 1687 laudantur
615 1655 749 1687 Masurii
767 1656 879 1688 Sabini
899 1657 998 1688 verba
1022 1668 1087 1688 non
1111 1658 1317 1690 inveniuntur
1337 1659 1420 1699 apud

144 1708 359 1749 Macrobium,
398 1709 500 1740 altero
536 1709 620 1750 quod
654 1721 672 1740 a
706 1709 925 1741 Macrobianis
959 1710 1086 1742 diversa
1119 1712 1325 1752 proferuntur
1358 1724 1422 1744 non

144 1764 254 1803 potest
277 1765 350 1803 apte
375 1763 529 1803 explicari
549 1763 611 1793 nisi
636 1763 691 1802 ita,
716 1764 752 1793 ut
775 1763 807 1793 in
833 1774 869 1794 eo
894 1763 978 1794 libro
1003 1764 1086 1795 unde
1111 1767 1248 1806 utraque
1272 1766 1423 1797 fluxerint

144 1815 300 1847 Varronis
326 1816 429 1847 locum
455 1816 581 1856 plenius
606 1816 799 1857 exscriptum
825 1817 924 1848 fuisse
949 1817 1100 1859 dicamus,
1125 1830 1220 1859 quam
1247 1819 1331 1859 apud
1356 1819 1422 1850 Ma-

145 1869 299 1900 crobium.
350 1880 387 1900 ac
415 1880 454 1900 ne
484 1869 542 1900 illa
566 1869 693 1910 quidem
718 1880 798 1910 quae
823 1870 863 1901 ad
888 1869 967 1901 Aen.
991 1870 1054 1902 XII
1080 1871 1142 1902 779
1168 1872 1324 1903 adnotata
1349 1875 1424 1903 sunt

146 1933 164 1952 a
188 1921 352 1953 Macrobio
378 1922 481 1963 petita
505 1933 574 1953 esse
599 1923 768 1963 probabile
788 1925 845 1954 est.
884 1923 998 1955 deinde
1018 1924 1068 1956 fac
1088 1925 1243 1966 plenioris
1264 1936 1423 1956 commen-

147 1975 221 2005 tarii
262 1977 424 2007 auctorem
462 1976 541 2016 ipsis
581 1975 805 2008 Saturnalibus
845 1989 938 2008 usum
978 1989 1063 2019 esse,
1107 1990 1170 2019 qua
1207 1980 1332 2010 ratione
1372 1991 1421 2009 ex-

146 2028 331 2070 plicandum
360 2039 430 2059 esse
458 2031 554 2069 putas
585 2029 670 2070 quod
699 2029 755 2060 ille
779 2030 912 2061 tertium
936 2030 1094 2062 Macrobii
1118 2032 1236 2063 librum
1262 2034 1293 2063 et
1318 2032 1422 2073 quinti

220 2153 245 2184 1)
265 2160 298 2178 ne
319 2151 451 2185 plenioris
472 2151 582 2185 quidem
603 2151 795 2178 commentarii
819 2154 959 2179 auctorem
980 2154 1026 2180 ubi
1046 2154 1232 2181 Macrobianis
1252 2155 1356 2181 similia
1374 2156 1421 2181 ha-

146 2192 212 2218 beat
231 2200 244 2218 e
265 2191 470 2218 commentariis
490 2199 522 2217 ea
540 2190 672 2224 petivisse
696 2191 760 2227 inde
781 2192 871 2218 elucet
890 2194 976 2227 quod,
997 2202 1059 2220 cum
1076 2195 1111 2221 ad
1133 2195 1257 2221 diversos
1291 2196 1365 2221 locos
1386 2195 1421 2221 de

147 2231 243 2258 eadem
269 2240 297 2258 re
324 2231 472 2258 dicendum
493 2232 571 2262 esset,
591 2239 661 2264 quae
688 2231 773 2256 semel
799 2233 955 2266 exposuisse
980 2234 1045 2260 satis
1065 2234 1118 2260 fuit
1137 2234 1276 2268 repet-ivit.
1314 2235 1423 2260 accedit

148 2271 223 2305 quod
248 2272 343 2305 aperte
368 2271 545 2305 significavit,
565 2278 635 2303 quae
660 2270 688 2295 in
712 2270 788 2296 fonte
813 2281 861 2299 suo
885 2273 918 2299 de
943 2273 1058 2300 diversis
1078 2274 1195 2308 Vergilii
1215 2274 1338 2300 versibus
1359 2283 1423 2300 con-

147 2311 240 2337 iuncte
265 2311 391 2345 exposita
415 2312 508 2337 essent
527 2311 561 2336 ad
582 2310 705 2343 singulos
724 2310 798 2337 locos
819 2320 847 2338 se
867 2313 1065 2340 adnotaturum
1086 2322 1152 2341 esse.
1191 2314 1224 2339 cf.
1250 2323 1274 2347 p.
1299 2316 1356 2346 128,
1378 2317 1423 2346 13;

151 2354 209 2384 146,
230 2355 258 2383 ἒς
289 2354 348 2384 268,
370 2354 415 2383 203
446 2354 505 2383 ⁸269,
526 2354 554 2383 ῦς
575 2353 634 2383 364,
656 2352 702 2383 ‘253
722 2353 782 2384 370,
804 2355 844 2379 13.
881 2353 917 2379 ad
937 2354 1002 2380 Aen.
1023 2353 1048 2379 H
1069 2357 1119 2379 225
1139 2355 1167 2380 et
1188 2354 1222 2379 lV
1244 2356 1284 2380 56.
