1690 2611
699 64 914 92 PRAEFATIO.
1385 62 1447 88 XIX

256 152 393 185 Constat
421 151 454 182 in
478 149 677 192 Vergilianis
709 146 841 179 scholiis
871 146 991 178 nullius
1015 145 1081 177 fere
1107 145 1276 187 scriptoris
1301 144 1448 185 exempla

166 207 390 248 frequentiora
415 215 484 236 esse
509 214 605 245 quam
630 201 792 241 Sallustii,
821 211 920 241 eaque
951 210 988 230 ex
1012 199 1223 230 historiarum
1248 198 1386 230 maxime
1411 197 1447 228 li-

167 261 233 292 bris
264 260 366 301 petita
397 269 466 290 esse
495 259 527 289 et
556 256 597 288 ob
628 265 698 286 eam
727 265 795 285 rem
823 254 1090 293 commemorata,
1124 254 1159 283 ut
1188 264 1264 283 usus
1294 254 1326 283 et
1350 251 1446 293 signi-

166 313 276 345 ficatio
300 313 472 344 verborum
505 323 523 343 a
546 309 693 351 Vergilio
719 308 938 340 adhibitorum
964 307 1187 347 explicaretur.
1239 306 1277 336 cf.
1303 305 1341 336 ad
1366 305 1445 336 Aen.

167 367 182 398 I
210 367 282 408 195,
308 367 381 408 270,
405 366 480 406 281,
504 364 579 404 298,
603 363 676 403 307,
701 362 774 402 378,
798 361 872 401 423,
897 361 972 392 456.
1006 359 1038 390 II
1062 360 1113 401 61,
1138 360 1211 390 502.
1244 359 1292 389 III
1317 359 1380 390 516
1406 358 1446 389 al.

168 431 205 452 ea
229 431 280 451 res
305 431 371 451 non
394 419 506 450 dubito
532 417 610 458 quin
633 416 707 447 inde
731 414 906 456 repetenda
931 414 974 445 sit
999 413 1083 455 quod
1108 412 1298 444 Aemilius
1325 412 1446 452 Asper

168 484 262 515 quem
286 472 495 504 historiarum
518 471 621 502 libros
647 470 900 500 commentatum
925 478 995 498 esse
1021 465 1160 498 Charisii
1185 465 1229 507 (p.
1246 466 1318 506 216,
1334 466 1375 497 28
1392 464 1444 506 Κ.)

168 529 201 558 et
225 525 416 566 Hieronymi
440 523 537 567 (apol.
562 534 587 555 c.
611 522 714 554 Rufin.
738 521 755 552 I
782 522 820 553 16
845 521 906 553 vol.
926 520 958 552 II
983 531 1012 561 p.
1027 520 1092 551 472
1118 519 1164 550 ed.
1181 517 1335 560 Vallars.)
1356 519 1445 549 testi-

167 580 284 611 moniis
309 581 446 619 constat,
470 578 555 609 idem
578 577 611 607 in
632 575 772 617 Vergilii
797 575 941 606 carmina
965 573 1214 605 commentarios
1239 572 1367 613 scripsit
1393 571 1444 613 (cf.

166 632 337 665 Kirchneri
366 631 595 663 commentatio
626 630 663 661 de
689 628 791 661 Servii
822 628 1007 659 auctoribus
1038 626 1259 669 grammaticis
1284 626 1317 657 in
1341 626 1444 656 annal.

165 686 321 728 philolog.
350 685 507 727 supplem.
532 684 613 715 VIII
642 695 672 724 p.
697 683 785 724 513).
836 693 911 713 nam
936 692 1008 713 cum
1033 692 1069 712 ex
1095 692 1127 712 se
1152 680 1352 721 intellegitur
1376 682 1445 710 tum

167 742 254 772 certo
287 739 433 780 exemplo
462 738 549 770 infra
578 737 778 777 ostendetur,
807 737 932 767 veteres
961 735 1153 776 interpretes
1179 734 1234 775 qui
1259 733 1387 775 quidem
1412 733 1444 763 in

165 793 310 835 pluribus
335 792 547 833 scriptoribus
573 790 758 822 enarrandis
784 791 998 829 versarentur,
1022 789 1055 820 in
1075 788 1125 819 his
1147 798 1228 829 quae
1254 787 1374 818 similia
1399 786 1444 817 in-

141 877 148 882 ,
166 847 331 879 venissent
355 846 535 877 adscribere
556 845 670 876 solitos
691 854 769 875 esse.
808 845 903 884 atque
923 843 957 873 in
977 842 1108 873 scholiis
1125 842 1231 882 Aspro
1251 840 1444 871 nominatim

163 901 298 932 tributis
324 899 522 931 Sallustiana
546 898 694 939 exempla
718 896 917 938 frequentari
942 895 1140 927 Ribbeckius
1165 895 1246 935 prol.
1271 906 1299 935 p.
1327 894 1387 925 129
1413 896 1445 924 et

168 954 228 985 131
255 953 451 985 observavit.
490 952 528 984 cf.
553 952 592 983 ad
617 952 696 983 Aen.
720 950 748 982 X
764 950 837 991 539,
861 949 941 981 VIII
956 949 1030 990 383,
1055 949 1154 980 schol.
1170 948 1287 980 Veron.
1308 948 1347 979 ad
1364 947 1444 978 Aen.

164 1007 211 1038 IV
238 1007 309 1039 178.
347 1017 426 1048 quae
451 1017 523 1038 cum
551 1006 598 1037 ita
622 1005 701 1045 sint,
726 1016 763 1035 ea
787 1004 1009 1035 additamenta
1034 1003 1150 1044 quibus
1176 1001 1323 1033 Sallustii
1348 1001 1445 1032 verba

165 1071 236 1092 cum
247 1060 445 1101 Vergilianis
470 1060 563 1091 docte
587 1061 815 1099 comparantur
840 1068 910 1088 meo
934 1059 1002 1088 iure
1027 1056 1066 1088 ad
1091 1056 1232 1096 Asprum
1255 1055 1374 1085 referre
1399 1055 1443 1085 vi-

164 1114 250 1145 deor.
301 1114 381 1144 item
406 1112 561 1144 Serviana
590 1112 713 1143 scholia
737 1110 945 1142 Sallustianis
971 1110 1125 1150 exemplis
1151 1109 1191 1140 ob
1218 1109 1350 1139 eandem
1376 1120 1443 1139 rem

165 1167 320 1208 adpositis
345 1166 494 1208 insignia,
519 1166 619 1197 veluti
645 1165 684 1196 ad
701 1165 779 1196 Aen.
795 1164 827 1196 II
847 1165 920 1205 201,
945 1165 1017 1204 286,
1041 1164 1116 1204 400,
1141 1163 1167 1194 si
1191 1174 1255 1194 non
1280 1174 1316 1193 ex
1341 1163 1442 1203 ipsius

165 1221 272 1262 Aspri,
296 1222 330 1252 at
353 1223 439 1252 certe
464 1231 479 1251 e
505 1219 710 1261 grammatici
736 1218 868 1250 alicuius
895 1218 948 1259 qui
965 1217 1063 1258 Aspri
1087 1217 1171 1248 libro
1192 1228 1268 1247 usus
1289 1218 1338 1247 est
1359 1228 1441 1247 com-

164 1275 323 1306 mentario
349 1274 493 1305 derivata
517 1284 586 1304 esse
612 1273 771 1304 existimo.
810 1283 847 1303 ac
871 1282 910 1302 ne
936 1271 1007 1313 quis
1033 1271 1119 1302 dicat
1144 1270 1296 1301 additicia
1321 1271 1442 1302 scholia

164 1328 203 1359 ad
227 1328 368 1369 Asprum
398 1339 417 1358 a
441 1338 491 1358 me
515 1328 665 1358 revocata
689 1336 784 1367 posse
809 1325 848 1356 ab
873 1325 944 1366 ipso
971 1324 1082 1356 Servio
1107 1325 1141 1355 in
1167 1336 1259 1355 31111111
1284 1335 1442 1355 commen-

165 1381 285 1412 tarium
309 1383 437 1421 recepta
461 1391 539 1421 esse,
564 1391 627 1411 non
651 1379 739 1410 nulla
764 1380 848 1410 certe
873 1389 982 1409 eorum
1006 1378 1040 1409 in
1064 1377 1263 1419 plenioribus
1285 1377 1376 1408 libris
1397 1378 1443 1408 in-

168 1436 240 1475 epte
274 1434 433 1465 collocata
466 1444 534 1465 esse
568 1444 692 1464 moneo.
748 1432 786 1463 cf.
820 1442 900 1473 quae
935 1443 1033 1472 supra
1066 1431 1104 1462 de
1129 1431 1208 1462 Aen.
1233 1431 1248 1462 I
1273 1431 1335 1463 281
1367 1431 1442 1462 dixi.

164 1487 179 1518 I
202 1487 267 1518 423
291 1487 346 1518 hoc
368 1489 411 1519 est
434 1498 499 1518 non
522 1486 633 1518 debuit
653 1487 692 1517 ab
718 1497 754 1517 eo
780 1486 834 1527 qui
859 1485 1038 1526 pleniorem
1063 1485 1330 1516 commentarium
1356 1496 1440 1516 com-

164 1540 274 1581 posuit
303 1540 342 1571 ad
367 1540 469 1572 Servii
493 1540 694 1580 exaedificare
715 1539 842 1580 referri,
877 1549 949 1570 cum
974 1540 1083 1579 aperte
1109 1538 1148 1569 ad
1172 1539 1278 1570 ducere
1302 1537 1441 1580 Vergilii

164 1594 336 1635 pertineat.
393 1594 407 1624 I
431 1594 496 1625 456
526 1596 558 1624 et
586 1593 617 1625 H
642 1594 681 1624 61
713 1593 758 1624 eis
788 1603 868 1634 quae
898 1592 938 1623 ab
964 1591 1069 1632 Aspro
1099 1591 1202 1632 petita
1226 1602 1294 1622 esse
1319 1592 1441 1623 conieci

162 1658 236 1679 sane
260 1647 442 1679 coniunctio
466 1638 726 1688 praeniissa'est.
778 1648 918 1678 ceterum
943 1645 1141 1676 Ribbeckius
1166 1656 1230 1676 non
1254 1645 1344 1676 nulla
1368 1643 1440 1676 ἀδέ-

165 1709 268 1732 σποτα
291 1701 473 1742 pleniorum
498 1700 655 1731 librorum
679 1699 803 1731 scholia
826 1698 933 1740 Aspro
957 1698 1129 1729 tribuenda
1154 1708 1222 1728 esse
1247 1697 1439 1730 Veronensi-

164 1754 225 1785 bus
250 1754 380 1785 scholiis
406 1753 543 1785 conlatis
569 1753 711 1784 ostendit
736 1753 831 1794 (prol.
855 1764 884 1793 p.
914 1753 973 1783 129
992 1751 1083 1794 sqq),
1108 1751 1209 1782 veluti
1234 1751 1310 1782 Aen.
1335 1751 1350 1782 I
1377 1752 1439 1783 689

165 1805 218 1847 (cf.
242 1806 362 1838 Veron.
387 1807 485 1839 schol.
510 1807 549 1838 ad
574 1806 654 1837 Aen.
678 1805 741 1837 VII
766 1805 846 1847 341)
871 1805 920 1836 III
945 1805 1017 1837 691.
1062 1816 1099 1836 ea
1124 1806 1231 1836 autem
1257 1816 1337 1846 quae
1362 1805 1440 1836 Aen.

166 1859 245 1891 VIII
277 1860 342 1891 294
369 1860 403 1891 in
425 1860 624 1891 Floriacensi
658 1859 798 1901 vulgatis
829 1859 937 1890 addita
967 1862 1041 1890 sunt
1065 1859 1122 1890 αῐῑῗιῖ
1146 1858 1280 1889 Pholum
1304 1869 1365 1890 mm
1389 1859 1440 1889 al)-

164 1913 284 1944 lwrrere
311 1923 331 1944 a
358 1923 429 1944 vera
456 1913 587 1945 historia
615 1914 750 1944 tradunt.
797 1912 915 1944 Pholus
942 1913 1025 1944 enim
1052 1913 1125 1943 (lum
1154 1913 1289 1943 mio-atm-
1311 1913 1441 1952 sayitms

164 1966 310 1998 Herculis
333 1966 442 2005 quibus
466 1968 508 1998 tot
530 1966 697 1998 Centauros
721 1966 925 2006 interfecerat,
957 1976 1020 1996 zena
1044 1976 1080 1996 ex
1106 1965 1168 1996 illis
1193 1960 1225 1996 in
1244 1966 1351 2005 pedem
1375 1966 1440 1996 eins

163 2020 284 2058 decidit,
308 2019 394 2050 cuius
416 2019 537 2050 vulnere
555 2020 664 2051 sanari
683 2030 745 2050 nonr
762 2020 864 2059 potnit
888 2018 1029 2049 Luctatii
1049 2018 1173 2050 Placidi
1198 2019 1237 2050 ad
1259 2017 1339 2049 Stat.
1360 2018 1438 2049 Ach.

163 2072 179 2103 I
203 2073 266 2103 233
297 2072 483 2103 testimonio
508 2071 614 2113 Aspro
644 2071 802 2103 vindicari
832 2070 988 2113 Suringar
1016 2072 1092 2103 hist.
1117 2072 1186 2103 crit.
1211 2072 1310 2103 schol.
1334 2072 1387 2103 lat.
1406 2071 1437 2101 II

163 2137 192 2166 p.
221 2125 282 2156 130
306 2125 395 2156 vidit.

253 2178 294 2209 M.
318 2177 472 2210 Valerio
497 2178 620 2209 Probo
650 2175 811 2219 Berytio
846 2189 882 2209 ex
917 2178 1077 2210 additiciis
1112 2178 1242 2210 scholiis
1276 2178 1348 2219 quid
1382 2178 1437 2208 tri-

163 2232 326 2263 buendum
358 2242 426 2262 esse
458 2234 568 2272 putem
599 2233 770 2272 antequam
802 2242 972 2272 exponam,
1005 2232 1116 2272 paucis
1149 2232 1309 2272 explicare
1333 2231 1437 2268 liceat,

164 2295 220 2316 cur
247 2285 281 2315 in
305 2283 491 2316 Cassellano
517 2284 639 2316 scholio
668 2284 708 2315 ad
733 2284 810 2315 Aen.
834 2284 850 2315 I
873 2286 913 2315 21
944 2285 1106 2326 adscripto
1135 2288 1162 2316 et
1186 2285 1270 2315 ‘lamo
1287 2284 1437 2324 populum
