1690 2611
211 101 311 128 LXXX
741 99 957 126 PRAEFATIO.

211 194 321 225 georg.
336 183 384 214 ΠΙ
400 183 466 215 384
491 181 559 224 (fol.
575 181 648 225 521’)
665 193 787 213 mmm
811 193 893 222 aqua
912 181 1014 213 calida
1037 186 1074 212 οἴι
1097 181 1196 212 cinere
1218 181 1318 212 mixta
1339 181 1421 220 quod
1437 190 1493 212 nos

210 239 340 269 dicimus
371 238 470 278 Ιοῖιρα.
519 237 554 268 in
584 237 784 278 argumentis
816 238 925 267 autem
956 235 1021 266 illis
1053 236 1086 266 et
1117 234 1380 266 adnotationibus
1412 245 1491 275 quas

211 291 306 323 modo
333 291 585 323 commemoravi
615 291 642 322 si
666 291 742 332 quid
766 290 977 322 memorabile
1008 288 1178 320 videbatur
1206 288 1240 319 in
1268 287 1380 320 critico
1409 299 1492 320 oom-

212 346 369 377 mentario
397 345 493 376 edidi:
519 345 677 386 quaedam
701 356 739 376 ex
764 356 800 376 eo
817 354 933 386 genere
954 353 1034 383 quae
1055 342 1095 373 ad
1115 341 1262 373 bucolica
1286 344 1319 373 et
1342 342 1494 383 georgica

210 400 376 440 pertinent
398 399 460 430 hoc
485 399 556 431 loco
587 398 777 430 adscribam.
820 398 876 429 fol.
910 395 964 428 19¹³
994 396 1073 428 haec
1104 396 1138 427 in
1166 396 1313 437 margine
1341 395 1494 437 leguntur

210 463 287 492 quae
310 453 344 483 in
367 455 453 483 θρα-τα
476 452 580 493 eqloyu
603 452 775 483 necessaria
798 454 878 483 sunt
922 450 1006 490 Quae
1030 449 1207 489 differentia
1234 450 1276 481 sit
1302 450 1382 481 inter
1412 449 1493 480 timi-

211 507 285 538 dum
309 509 336 537 ct
360 507 521 537 timentem.
554 506 713 546 opiniones
723 505 975 546 philosophorum
998 505 1033 535 (le
1057 514 1160 535 rerum
1180 504 1305 544 origine.
1330 503 1414 542 Quid
1430 503 1495 534 sint

208 560 350 592 sintheta.
387 561 475 591 euius
495 561 616 600 generis
640 559 765 591 athomi.
801 559 911 598 fabula
925 558 1103 599 promethei.
1141 558 1177 589 de
1198 557 1318 598 yraeez's
1336 556 1492 588 uocativis.

209 625 304 653 quare
327 614 497 645 ruminatio
521 614 651 645 dicatur.
688 616 716 644 et
741 624 818 653 quac
849 613 883 644 in
901 613 1058 653 praesenti
1086 612 1192 643 cernis.
1233 611 1377 642 similiter
1404 613 1433 642 et
1458 611 1493 642 in

209 668 283 699 aliis
306 668 563 699 consido-amum
587 670 630 699 est
652 667 728 707 quid
750 667 954 699 necessarimm
976 667 1025 697 sit.
1062 665 1118 697 fol.
1143 666 1200 697 55²
1225 664 1350 708 (georg.
1365 664 1397 696 H
1411 663 1491 706 453)

209 721 316 753 Garios
339 722 442 753 carici.
477 721 587 760 furfur
611 723 654 752 est
670 721 798 760 proprie
822 721 976 761 liquorum
994 730 1053 760 per
1076 719 1280 750 terebrumina
1299 730 1319 749 (ι
1337 719 1492 750 ucrmibus

209 778 463 815 consumptorum.
500 775 571 806 inde
594 775 747 806 cariosum
770 774 928 806 uiciosum.
971 776 982 804 t
1003 774 1199 813 furfurabum
1219 773 1439 804 terebratumue
1466 775 1494 804 et

209 830 291 860 rso-ie
321 832 543 869 eonsmnptum.
580 828 634 859 fol.
666 826 723 859 59¹³
755 826 880 869 (georg.
908 827 955 857 ΙΠ
987 826 1042 868 71)
1073 829 1109 858 ut
1138 826 1382 867 intellegeretur
1411 837 1491 867 quos

210 881 340 914 Servius
365 881 573 923 ‘occupatos’
589 881 709 912 diceret
733 881 812 912 haec
837 881 990 912 adnotata
1019 882 1094 912 sunt
1122 881 1156 912 id
1177 883 1221 911 est
1243 890 1346 911 eorum
1370 880 1423 920 qui
1446 890 1491 911 oc-

213 937 317 976 cupati
339 939 411 968 sunt
436 939 469 967 ut
492 936 612 967 comites
636 937 664 966 et
686 935 774 966 ceteri
793 937 939 975 potentes.
976 945 1028 966 seu
1043 935 1173 966 minoris
1192 935 1301 974 quique
1324 934 1492 974 diync'tatis.

210 990 264 1021 fol.
290 988 348 1021 87¹²
373 989 498 1031 (georg.
522 988 569 1020 IV
593 988 649 1032 41)
674 990 760 1030 pilas
783 989 857 1020 dicit
884 989 1033 1020 rotundas
1054 988 1174 1027 formas
1196 988 1347 1028 quasdam
1370 998 1407 1019 ex
1427 987 1493 1028 {slu-

212 1044 273 1075 tine
290 1044 391 1083 factas
416 1044 448 1075 id
470 1046 513 1074 cst
536 1043 684 1074 bitumine
708 1054 744 1074 eas
762 1043 872 1083 quibus
886 1043 1050 1074 reseruatis
1069 1042 1244 1074 (ducarium
1263 1042 1361 1073 rimas
1381 1041 1492 1073 linunt.

211 1108 247 1128 uc
264 1100 372 1137 postea
393 1098 487 1137 fanos
510 1097 558 1129 his
586 1107 677 1138 super
705 1097 843 1128 (lucentes
871 1099 1062 1137 componunt.
1104 1095 1182 1127 illud
1212 1106 1336 1137 quoque
1365 1095 1493 1127 videtur

210 1151 530 1183 commemorandum
556 1162 639 1192 esse,
664 1162 736 1182 cum
760 1151 893 1182 nomina
908 1151 1102 1192 scriptorum
1118 1161 1137 1181 a
1152 1149 1262 1181 Servio
1287 1149 1492 1181 laudatorum

210 1205 242 1236 in
266 1206 469 1247 marginibus
494 1205 642 1237 codicum
672 1204 812 1235 adscribi
842 1204 940 1236 solita
964 1204 1043 1245 sint,
1072 1204 1105 1235 in
1133 1203 1294 1244 Lipsiensi
1322 1215 1381 1245 pro
1410 1204 1492 1245 ipsis

209 1259 395 1290 nominibus
420 1259 514 1300 signa
539 1258 696 1299 quaedam
727 1258 835 1299 posita
860 1269 937 1289 esse.
948 1257 970 1298 1)
1013 1258 1150 1299 denique
1175 1268 1289 1289 moneo
1314 1257 1347 1288 in
1370 1258 1491 1290 bucoli-

210 1323 319 1343 corum
344 1313 560 1353 praefationes
586 1312 744 1353 quaedam
774 1323 811 1343 ex
835 1311 1053 1343 Bernensibus
1079 1311 1211 1343 scholiis
1236 1314 1367 1352 recepta
1391 1323 1468 1343 esse.

299 1365 617 1398 Caroliruhensis
659 1366 741 1407 116,
779 1366 833 1407 qui
872 1365 950 1397 olim
983 1364 1268 1396 Reichenaviensis
1301 1366 1491 1398 monasterii

210 1420 285 1461 fuit,
310 1420 559 1461 diligentissime
591 1419 746 1461 scriptus,
775 1419 1023 1450 commentarios
1055 1419 1089 1450 in
1118 1419 1227 1450 omnia
1255 1418 1397 1461 Vergilii
1426 1430 1491 1450 car-

209 1474 297 1505 mina
321 1474 474 1505 continet.
517 1484 598 1515 quae
622 1473 842 1504 bucolicorum
872 1473 1104 1505 commentario
1129 1473 1286 1514 inscripta
1310 1474 1403 1504 erant
1427 1484 1491 1505 ma-

208 1528 329 1559 ximam
353 1530 480 1568 partem
505 1528 717 1565 evanuerunt,
741 1530 778 1558 ut
801 1527 883 1558 nihil
908 1527 1004 1558 hodie
1024 1527 1090 1568 legi
1109 1526 1214 1568 possit
1232 1527 1296 1558 nisi
1311 1535 1488 1558 INCIPIVNT

209 1590 471 1613 EXPOSITIONES.
515 1581 548 1612 in
563 1581 762 1621 reliquorum
786 1581 943 1612 librorum
968 1580 1237 1622 inscriptionibus
1253 1582 1309 1612 aut
1328 1580 1490 1622 subscrip-

208 1635 351 1666 tionibus
378 1634 482 1666 Servii
506 1645 623 1666 nomen
651 1645 715 1665 non
744 1634 915 1666 invenitur.
956 1633 1077 1665 infelici
1102 1633 1241 1674 quodam
1268 1645 1343 1665 casu
1366 1633 1489 1666 factum

209 1691 259 1720 est
284 1690 318 1720 ut
341 1688 427 1720 hunc
451 1689 571 1720 librum
597 1690 706 1719 extare
735 1690 805 1719 tum
835 1688 964 1719 demum
993 1687 1149 1729 audirem,
1178 1698 1249 1718 cum
1281 1698 1335 1719 eos
1364 1687 1489 1719 codices

209 1742 325 1782 quibus
350 1742 397 1772 uti
422 1742 625 1773 decreveram
650 1741 859 1772 contulissem
883 1743 979 1782 atque
999 1741 1147 1772 criticum
1167 1741 1433 1772 commentarium
1456 1741 1489 1772 in

208 1798 273 1827 tres
298 1796 422 1836 priores
447 1795 601 1826 Aeneidis
631 1795 732 1826 libros
757 1795 1020 1836 composuissem.
1063 1794 1187 1836 inspexi
1215 1796 1320 1826 tamen
1348 1794 1488 1826 codicem

209 1859 309 1889 neque
335 1851 408 1880 ante
433 1860 506 1879 eum
530 1848 625 1889 plene
651 1848 832 1880 excutiendi
857 1849 1028 1880 consilium
1052 1848 1154 1880 abieci
1179 1859 1276 1889 quam
1300 1849 1429 1889 praeter
1453 1858 1490 1879 ea

208 1914 289 1943 qnae
315 1913 351 1933 ex
376 1902 468 1933 libris
493 1902 533 1933 ad
558 1901 639 1933 illud
663 1903 790 1943 tempus
820 1903 957 1934 conlatis
983 1904 1190 1934 enotaveram
1213 1901 1297 1933 nihil
1321 1901 1389 1933 fere
1412 1901 1489 1933 novi

209 1957 241 1987 in
267 1967 303 1987 eo
333 1956 471 1987 inveniri
500 1956 661 1987 intellexi:
692 1956 731 1987 ad
763 1956 900 1987 alteram
926 1955 1078 1987 Aeneidis
1110 1956 1334 1987 commentarii
1361 1957 1488 1997 partem

208 2010 435 2041 recensendam
468 2021 540 2041 eum
573 2009 741 2041 adhibebo.
785 2012 928 2042 ceterum
960 2021 1026 2041 non
1057 2010 1155 2041 nullis
1184 2010 1263 2042 locis
1288 2009 1364 2051 quid
1389 2009 1487 2041 codex

209 2063 376 2094 exhiberet
401 2063 553 2094 Alfi-edus
579 2061 740 2095 Holderus
764 2063 997 2095 humanissime
1023 2075 1073 2095 me
1097 2063 1216 2095 docuit.

298 2117 532 2157 ltegincnsis
559 2117 643 2147 14374
669 2116 770 2148 Servii
794 2117 828 2148 in
847 2117 1007 2148 Aeneidos
1032 2117 1132 2148 libros
1152 2116 1306 2148 VI—XII
1325 2127 1487 2148 commen-

208 2171 327 2202 tarium
352 2171 385 2201 in
412 2171 474 2201 1:30
499 2170 696 2202 membranis
721 2170 844 2202 formae
869 2170 1059 2212 quadratae,
1084 2170 1139 2202 sed
1158 2170 1290 2202 maioris
1310 2181 1488 2210 mensurae,

282 2301 306 2333 1)
335 2300 360 2326 Θ
381 2299 524 2330 Horatius,
554 2300 624 2325 5—ae
648 2299 770 2332 Persius,
790 2300 815 2325 Ψ
831 2299 990 2332 Terentius,
1009 2300 1042 2330 A&
1056 2298 1208 2332 Iuvenalis,
1228 2299 1249 2324 Λ
1264 2297 1367 2332 Livius,
1387 2299 1411 2323 Δ
1431 2297 1485 2324 Do-

208 2342 301 2372 natus,
323 2341 341 2365 ⁸<
362 2338 524 2371 Sallustius,
545 2338 565 2364 G
589 2339 698 2373 Cicero,
721 2340 740 2364 :J
762 2339 920 2373 Lucretius,
948 2343 975 2374 [0
1002 2340 1144 2373 Lucanus,
1165 2338 1187 2364 Η
1208 2337 1323 2365 Plinius.
