1690 2611
233 120 276 151 42
815 121 935 149 SERVH

235 203 278 234 uel
290 205 472 243 perpetuam
490 204 631 244 accipere,
650 207 685 235 ut
702 205 737 236 si
750 206 947 247 proprium
965 205 1030 236 hoe
1046 205 1172 245 fucrit.
1199 206 1358 238 Terentius
1376 207 1520 239 nihilne

233 266 307 287 esse
342 256 513 296 cuiquam
542 258 740 297 proprium
776 261 803 290 et
832 260 927 299 qnod
956 250 1163 298 voluptates
1193 269 1315 291 eorum
1339 261 1519 301 propriae

233 312 318 341 sunt
341 312 368 341 et
391 310 436 340 cla
452 311 663 350 propriam,
690 311 926 352 Thymbraee,
950 311 1102 343 domum.

325 363 374 394 74.
410 376 504 395 omvrs
524 377 619 396 ,iivivos
647 364 730 405 bene,
754 365 829 404 quia
852 366 908 396 dea
931 367 989 402 est,·
1015 375 1077 396 non
1100 365 1182 396 enim
1205 376 1299 406 usque
1322 367 1365 398 ad
1385 370 1515 399 senectu-

199 423 213 444 5
235 419 300 447 tem..
391 425 531 449 MERITIS
556 418 737 459 praestitis,
767 420 803 450 ut
830 418 909 450 alibi
933 429 999 450 nee
1030 420 1067 450 te
1097 419 1231 460 regina
1255 420 1405 461 negabo
1430 432 1518 461 pro-

234 470 427 511 meritam,
446 470 477 501 id
497 472 547 502 est
566 470 778 511 praestitisse.
818 473 850 502 et
870 471 1008 503 alterum
1031 472 1149 513 pendet
1170 483 1207 503 ex
1227 473 1343 514 altero;
1366 474 1518 506 meritum

234 523 319 554 enim
344 535 409 555 non
431 523 495 554 nisi
521 534 558 555 ex
582 524 781 564 praestantis
806 524 972 556 descendit
996 525 1161 557 beneficio.

324 577 373 608 75.
405 590 539 609 κιο-ΗΒΑ
560 578 665 616 mors]
695 577 766 609 bene
790 581 980 618 postremum
1009 580 1130 611 addidit
1151 582 1278 620 propter
1300 581 1381 620 quod
1410 582 1518 612 matri-

234 630 370 661 monium
403 630 609 671 eontrahitm,
636 631 862 671 pulcherrimos
893 632 983 672 filios.
1035 635 1062 664 et
1094 633 1170 664 mire
1202 633 1256 664 hoe
1287 633 1369 665 Izmo
1398 634 1519 666 [meina

183 690 213 712 10
227 684 396 723 promittit,
419 685 509 724 quasi
532 695 594 715 non
618 685 652 716 ob
677 685 833 717 libidinem
856 685 973 724 offerat.
1048 694 1211 717 PVLCHRA
1236 695 1349 718 PROLE
1374 688 1517 720 notanda

233 737 349 778 figura3
374 737 558 779 frequenter
583 738 669 769 enim
693 738 753 770 hac
778 738 889 770 utitur.
935 749 1011 770 nam
1041 739 1125 780 quod
1154 750 1212 770 nos
1243 750 1300 780 per
1331 741 1517 781 genetivum

234 790 434 832 singularem
465 791 614 832 dicimus,
647 792 771 833 antiqui
801 803 859 833 per
890 792 1064 833 septimum
1095 792 1258 834 dicebant,
1289 794 1324 824 ut
1354 793 1415 825 hoc
1445 794 1517 827 loeo

234 843 417 885 ‘parentem
450 844 587 885 pulchra
619 845 738 887 prole’⁷
770 845 803 876 id
837 847 887 877 est
919 845 1072 886 pulchrae
1106 846 1216 887 prolis.
1264 849 1296 877 et
1325 847 1517 888 simpliciter

234 898 487 939 intellegendum
512 900 574 940 est3
599 900 709 930 errant
732 910 873 940 namque
899 899 954 940 qui
976 899 1087 930 dicunt
1110 899 1180 931 ideo
1206 898 1372 941 ‘pulchra’
1398 901 1517 934 dixisse

182 957 213 979 15
235 952 368 992 propter
400 951 548 984 Canacen
580 954 612 984 et
642 952 825 985 Macareum
855 954 889 984 in
920 964 954 985 se
986 953 1123 985 invicem
1156 953 1362 994 turpissimos
1392 954 1518 986 fratres.

233 1004 283 1035 illi
308 1004 394 1036 enim
419 1005 553 1037 alterius
578 1005 673 1037 Aeoli
698 1007 755 1038 filii
780 1006 920 1039 fuerunt.

323 1058 373 1089 76.
406 1068 542 1092 AnoLvs
574 1069 666 1092 HAEC
698 1060 850 1093 subaudis
883 1060 1006 1101 ‘dixit',
1030 1061 1114 1102 quod
1145 1073 1182 1093 ex
1211 1061 1446 1103 posterioribus
1471 1062 1517 1093 in-

233 1111 415 1153 tellegitur,
440 1115 476 1144 ut
500 1125 599 1154 supra
622 1114 816 1146 notavimus.
904 1122 1037 1146 REGINA
1061 1115 1225 1147 inferioris
1250 1126 1407 1156 personae
1432 1127 1517 1147 reve-

233 1165 337 1197 rentia
362 1168 411 1197 est
435 1166 592 1198 maiorem
622 1167 747 1199 meritis
778 1167 957 1209 appellare,
987 1179 1050 1199 non
1074 1169 1219 1210 nomine3
1249 1171 1362 1201 contra
1385 1169 1517 1201 maioris

180 1226 212 1248 20
233 1220 283 1250 est
316 1219 474 1251 minorem
506 1220 637 1252 nomine
671 1222 798 1252 tantum
832 1232 955 1252 vocare.
1009 1221 1063 1262 qui
1095 1222 1172 1253 ordo
1201 1233 1266 1253 non
1294 1222 1357 1254 nisi
1385 1234 1442 1264 per
1471 1223 1517 1254 in-

232 1272 455 1314 dignationem
481 1274 713 1315 oorrumpitur,
738 1276 773 1306 ut
797 1275 831 1305 in
856 1274 1044 1306 duodecimo
1070 1274 1171 1316 Sages
1195 1275 1228 1306 in
1249 1276 1401 1307 extremis
1421 1277 1517 1308 rebus

233 1325 377 1357 Turnum
401 1338 465 1358 non
494 1337 603 1368 regem
632 1330 741 1368 vocat,
770 1329 805 1358 ut
833 1327 988 1368 ruitque
1017 1327 1218 1368 inplorans
1248 1329 1400 1360 nomine
1426 1328 1518 1360 Tur-

233 1390 326 1411 num.
374 1382 406 1411 et
435 1380 513 1411 alibi
542 1381 580 1412 de
610 1379 760 1412 Aristaeo
792 1383 827 1412 et
856 1383 893 1412 te
922 1381 1117 1412 crudelem
1145 1382 1296 1413 nomine
1325 1382 1428 1414 dicit.

234 1446 319 1465 arms
341 1436 445 1473 optare
467 1444 530 1465 non
554 1437 675 1465 tantum
695 1434 800 1474 eliyere
823 1434 989 1474 siqnisieat,
1013 1437 1048 1465 ut
1065 1435 1142 1466 alibi
1165 1436 1377 1475 optavitque
1401 1436 1517 1467 locum

180 1492 212 1514 25
235 1497 356 1528 reyno,
379 1488 432 1519 sed
458 1488 551 1519 etiam
574 1488 658 1528 velle,
688 1490 722 1518 ut
747 1487 801 1519 hoe
830 1488 891 1519 loeo
916 1487 1007 1528 ‘quid
1029 1487 1125 1528 optes’
1149 1489 1225 1528 quid
1246 1489 1327 1521 velis.
1373 1489 1515 1521 Lucilius

234 1541 266 1571 in
300 1541 354 1572 VI.
382 1541 474 1580 qnid
505 1542 624 1581 ipsum
650 1541 776 1580 facere
809 1543 918 1581 optes,
952 1542 983 1572 id
1012 1543 1055 1572 est
1084 1542 1165 1573 velis.
1216 1542 1274 1573 alii
1302 1541 1393 1582 ‘quid
1419 1542 1515 1582 optes’

232 1594 307 1633 qnid
323 1597 420 1634 petas.
467 1605 541 1625 safne
563 1595 694 1626 servavit
717 1595 871 1631 orslineim
898 1605 972 1625 nam
996 1595 1050 1634 qut
1067 1595 1223 1634 promittit
1245 1596 1351 1626 statim
1374 1606 1395 1626 a
1411 1596 1516 1636 primo

229 1647 368 1687 polliceri
395 1648 488 1689 debet,
516 1650 588 1689 post
619 1649 647 1680 si
679 1658 740 1688 qua
770 1648 835 1679 vult
862 1648 969 1688 addat,
1001 1650 1036 1678 ut
1065 1648 1189 1680 auditor
1221 1649 1423 1688 eoepectatione
1454 1659 1516 1680 non

229 1702 367 1740 pendeat.

308 1784 319 1806 1
341 1780 363 1807 si
383 1781 539 1815 proprium]
560 1781 621 1807 buc.
642 1781 692 1806 VII
713 1784 744 1806 31
770 1781 779 1813 11
803 1779 959 1814 Terentius]
981 1780 1065 1806 Andr.
1087 1780 1123 1805 lV
1144 1783 1167 1813 3,
1190 1783 1199 1805 1
1232 1779 1353 1806 ‘nihilne
1374 1789 1433 1807 esse
1453 1789 1514 1815 pro-

233 1815 323 1848 prium
349 1816 503 1849 cuiquamst.
527 1817 535 1849 ΙΙ
559 1820 573 1842 2
599 1816 672 1849 quod
698 1816 867 1850 voluptates]
895 1816 955 1842 Ter.
981 1815 1065 1841 Andr.
1086 1815 1109 1840 V
1130 1818 1158 1848 5,
1184 1818 1198 1841 4
1222 1817 1231 1848 ΙΙ
1255 1819 1270 1841 3
1298 1816 1333 1842 da
1357 1816 1513 1850 propriam]

232 1852 263 1876 A.
286 1851 322 1876 Ill
343 1854 375 1877 85
400 1853 409 1885 ΙΙ
433 1856 447 1876 5
468 1860 517 1877 nec
537 1851 577 1885 te]
599 1853 629 1878 A.
651 1852 687 1877 IV
709 1855 759 1877 3:34
783 1853 792 1885 11
816 1855 848 1877 22
870 1851 992 1885 ruitque]
1019 1852 1048 1876 A.
1071 1851 1119 1876 xll
1141 1854 1191 1876 652
1216 1852 1224 1884 ΙΙ
1248 1854 1281 1877 23
1306 1853 1334 1877 et
1357 1852 1398 1886 te]
1419 1860 1513 1885 georg.

235 1887 269 1911 lV
290 1890 340 1913 35⁴3
364 1888 373 1920 ΙΙ
397 1890 429 1913 24
455 1888 552 1920 optare
573 1907 578 1913 .
596 1908 600 1912 Α
619 1909 623 1913 .
645 1888 741 1920 regno]
768 1887 836 1913 Don.
861 1887 897 1912 ad
917 1887 977 1912 Ter.
998 1886 1082 1912 Andr.
1103 1886 1138 1912 lV
1159 1890 1184 1920 5,
1204 1890 1227 1913 ⁶2.
1258 1887 1320 1913 Isid.
1342 1888 1410 1921 orig.
1432 1887 1469 1913 lX
1488 1891 1513 1920 3,

234 1926 264 1947 >11
289 1923 298 1955 ΙΙ
322 1923 498 1957 optavitque]
520 1924 552 1948 A.
573 1923 610 1948 III
633 1926 681 1948 109
705 1925 714 1956 ΙΙ
738 1926 771 1949 25
791 1922 927 1956 Lucilius]
948 1922 985 1947 Vl
1006 1926 1021 1947 5
1042 1922 1165 1949 Mueller.

303 1996 318 2018 4
344 1994 381 2019 acl
401 1996 433 2019 74
459 1995 561 2020 Omnes
585 1994 684 2028 annos]
712 1994 781 2020 bene
882 1993 910 2019 id
931 1993 973 2019 est
996 1992 1182 2026 praestitisse;
1207 1993 1337 2020 meritum
1362 1993 1436 2019 enim

233 2028 383 2055 descendit.
407 2029 433 2054 12
450 2030 459 2062 ΙΙ
480 2032 495 2055 5
516 2038 566 2056 nee
586 2030 625 2063 te]
646 2038 797 2063 numquam
824 2029 959 2063 Veryilius
977 2029 985 2061 ΙΙ
1010 2031 1024 2054 8
1045 2029 1082 2055 (nl
1100 2037 1123 2056 r.
1140 2031 1172 2055 75
1192 2029 1312 2055 Pulchra
1331 2029 1424 2064 prole]
1444 2029 1512 2055 mire

233 2064 285 2090 hoe
306 2064 374 2090 luno
396 2065 500 2091 Lucina.
519 2065 672 2099 promittit,
699 2065 779 2098 quasi
799 2073 854 2092 non
874 2065 909 2091 ob
930 2063 1075 2090 libidinem
1096 2064 1201 2091 offerat.
1239 2064 1398 2098 frequenter
1417 2066 1510 2091 autem

234 2100 284 2125 hae
309 2099 397 2125 utitur
421 2100 522 2134 figura3
546 2109 610 2127 nani
639 2101 712 2134 quod
738 2122 743 2127 .
761 2122 765 2126 .
783 2121 788 2126 .
814 2101 841 2126 id
866 2101 909 2126 est
932 2100 1064 2134 pulchrae
1089 2100 1182 2134 prolis.
1210 2100 1237 2125 1’
1257 2101 1266 2134 ΙΙ
1291 2109 1406 2126 Ρνι,(τιιιιΑ
1430 2109 1512 2126 monn

232 2135 301 2161 bene
323 2155 327 2159 .
345 2156 350 2160 .
368 2156 372 2160 .
394 2136 499 2162 offerat.
530 2136 653 2162 notanda
673 2138 766 2162 tamen
782 2137 870 2170 figura
890 2136 912 2162 (J
924 2137 933 2170 fl
950 2139 980 2161 12
997 2135 1144 2169 svptimum
1160 2144 1254 2162 casum
1272 2136 1298 2161 P
1310 2136 1319 2168 ΙΙ
1336 2138 1366 2161 13
1381 2135 1511 2170 pulchra]

233 2170 376 2203 pulchram
398 2171 428 2196 Ι(
455 2172 587 2205 pulchrae
612 2171 698 2206 prolis
727 2173 760 2203 l„
786 2173 831 2198 secl
855 2171 877 2197 is
903 2180 915 2197 e
939 2180 1006 2197 corr.
1030 2172 1039 2204 ΙΙ
1064 2174 1095 2196 15
1123 2179 1252 2197 canacem
1272 2171 1297 2196 L
1325 2179 1455 2197 cauaeem
1478 2171 1510 2196 M

232 2206 343 2232 caiacen
365 2206 393 2231 J«)
415 2208 424 2239 ΙΙ
447 2207 624 2233 machal-eum
645 2208 670 2232 R
680 2208 714 2233 M
736 2209 745 2241 ΙΙ
771 2211 802 2234 16
821 2207 871 2233 filii
891 2206 974 2233 fuisse
999 2207 1145 2233 narrantur
1163 2207 1247 2232 BMl
1275 2206 1358 2232 fuisse
1378 2205 1429 2231 filii
1447 2215 1509 2232 nar-

232 2243 328 2268 rantur
344 2241 372 2267 Ε
385 2242 394 2275 ΙΙ
412 2245 440 2267 17
462 2243 498 2267 ml
515 2251 538 2268 v.
555 2246 587 2268 76
608 2243 711 2268 Aeolus
731 2243 812 2277 haec]
834 2243 912 2269 deest
927 2242 1004 2268 dixit.
1035 2242 1133 2276 Optes}
1154 2243 1251 2275 optare
1270 2241 1316 2267 hic
1335 2241 1408 2267 uelle
1427 2241 1510 2275 signi-

232 2278 309 2309 fleat,
329 2277 398 2303 alias
419 2277 540 2310 elegere,
561 2281 592 2303 ut
611 2280 653 2304 est
674 2278 853 2312 ‘optauitque
873 2278 966 2304 locum
985 2278 1097 2310 regno’,
1120 2277 1146 2302 P
1167 2278 1176 2310 ΙΙ
1200 2276 1364 2303 subauditur
1382 2277 1445 2302 BE
1463 2277 1510 2303 de—

231 2314 274 2338 ·:st
294 2311 373 2339 MC*
386 2314 395 2346 ΙΙ
413 2315 443 2339 18
459 2313 610 2339 notandum
631 2316 673 2339 est
687 2314 714 2339 B
734 2316 861 2340 notatum
882 2314 924 2340 est
945 2313 1014 2339 ME
1027 2314 1036 2347 ΙΙ
1053 2316 1082 2339 19
1099 2312 1221 2346 maioris]
1238 2312 1400 2338 meritorum
1415 2312 1485 2338 BM

232 2352 261 2373 :21
285 2349 315 2374 ut
335 2370 339 2375 .
357 2370 362 2376 .
380 2369 385 2374 .
406 2348 516 2375 nomine
537 2348 606 2375 dicit
625 2358 673 2376 om.
690 2349 720 2374 Ι(
733 2351 741 2383 ΙΙ
756 2353 789 2376 26
804 2349 907 2383 ipsum]
924 2358 967 2375 mc
987 2349 1050 2375 (ald.
1064 2348 1214 2375 Muellerus
1229 2348 1238 2381 ΙΙ
1252 2350 1285 2374 28
1301 2347 1403 2374 addere
1418 2348 1511 2375 malim
