1690 2611
534 113 647 140 COMM.
667 112 707 139 IN
724 112 831 139 VERG.
851 112 934 138 AEN.
954 112 987 138 V.
1008 114 1120 138 73-81.
1404 109 1465 140 601

281 196 331 227 78.
368 204 457 227 ΗνΜΙ
480 197 596 226 terrae.
685 202 798 225 LACTE
823 202 918 225 Novo
944 196 1000 224 aut
1024 193 1136 224 statim
1159 193 1291 233 mulcto,
1315 194 1372 223 aut
1394 194 1469 233 post

190 249 305 290 fetum,
339 249 422 290 quod
455 249 631 280 colostrum
659 248 776 279 dicitur
803 249 917 278 neutro
943 257 1068 288 genere.
1114 246 1240 277 umbrae
1266 248 1368 277 autem
1396 255 1468 277 san-

187 304 280 343 quine
309 305 338 334 et
365 303 439 334 lacte
471 303 643 334 satiantur:
675 302 755 332 mide
785 301 931 340 feminae,
964 310 1040 339 quae
1070 302 1204 331 mortuos
1230 301 1468 339 prosequuntur,

190 356 283 388 ubera
307 357 448 394 tundunt,
472 358 507 386 ut
530 350 577 387 laic
599 355 789 395 exprimant,
819 354 917 385 czmeti
940 356 1042 384 autem
1070 363 1100 384 se
1124 353 1267 391 lacerant,
1290 355 1326 383 ui
1347 353 1470 392 sanqui-

190 420 259 441 nem
283 409 453 448 effimdmzt.
544 417 719 440 SANGVINE
743 415 852 439 SACRO
881 406 1098 446 victimarum,
1134 408 1169 437 ut
1198 406 1338 438 diximus
1372 417 1469 447 supra

193 463 262 505 <111
288 464 359 504 67).
406 464 438 494 et
464 462 657 503 notandum,
691 462 767 503 quia
799 461 918 502 partim
952 461 1044 502 quasi
1074 462 1199 491 mortuo
1233 460 1304 500 pari
1336 470 1468 491 numero

192 517 360 557 sacrificat,
383 516 502 557 partim
522 515 644 557 inpari,
668 515 759 556 quasi
779 515 847 556 deo,
870 516 906 545 ut
925 514 1009 555 <96>
1035 513 1155 545 ‘caedit
1180 513 1294 554 quinas
1319 513 1357 544 de
1381 524 1469 545 more

191 569 368 602 bidentes':
391 581 467 600 nam
492 569 630 610 legimus
653 579 809 600 numero
835 568 924 600 deus
948 568 1083 609 inpare
1108 567 1257 608 gaudet.

283 624 333 655 79.
370 631 638 660 PVRPVREOSQVE
664 630 757 653 111011·
782 630 913 654 FLORES
938 621 977 652 ad
1002 620 1166 662 sanguinis
1187 620 1411 661 imitationem,
1436 621 1469 651 in

193 689 255 719 quo
280 679 329 708 est
357 677 446 708 sedes
477 676 617 707 animae:
649 676 695 707 sic
727 676 761 706 in
793 678 882 707 sexto
907 675 1015 716 <884>
1046 685 1261 715 purpureos
1290 684 1469 715 spargam

191 731 330 771 flores,
354 731 433 761 item
457 729 525 770 <VI
549 730 634 771 221>
659 740 952 770 purpureasque
981 739 1094 769 super
1124 731 1254 759 vestes
1278 727 1471 759 velamina

192 786 296 825 nota,
320 784 453 824 scilicet,
477 784 525 822 [ut
551 794 649 824 supra
668 783 771 823 dixit,]
792 784 828 814 ut
848 782 932 813 sedis
954 793 1028 813 suae
1049 783 1225 822 cognoscat
1244 781 1471 821 imitationem·

282 838 332 869 80.
371 845 483 869 SALVE
509 835 629 867 ‘salve'
655 838 687 867 et
707 835 809 867 ‘vale'
830 836 1003 867 secundum
1023 835 1202 867 Varronem
1223 835 1256 865 in
1274 834 1471 875 logistoricis

196 902 373 932 synonyma
397 892 484 921 sunt:
508 889 591 921 unde
614 890 665 921 his
691 892 723 921 et
745 890 779 920 in
804 889 998 921 salutatione
1022 889 1153 929 utimur,
1178 888 1262 919 etin
1281 887 1471 919 exsecratio-

193 946 302 977 nibus:
326 946 363 975 ut
386 944 542 975 valeant
567 944 629 985 qui
653 944 756 975 inter
779 955 846 975 nos
870 943 1075 974 discidium
1099 943 1245 974 volunt:
1270 942 1353 973 unde
1373 941 1471 972 etiam

194 999 273 1030 haec
298 999 433 1029 mortuis
455 997 599 1038 dicimus,
622 1008 687 1028 11011
707 1008 770 1038 quo
792 997 837 1028 eis
858 999 1005 1038 optemus
1026 997 1173 1036 salutem,
1192 995 1226 1026 111
1246 995 1362 1036 quibus
1381 995 1472 1026 nulla

195 1063 263 1083 esse
287 1053 408 1092 potest3
434 1051 489 1082 sed
513 1053 549 1081 ut
573 1050 798 1092 significemus,
822 1062 881 1082 nos
906 1051 952 1081 sic
972 1049 1106 1091 digredi,
1125 1052 1161 1081 ut
1181 1049 1398 1089 ostendamus,
1418 1059 1470 1079 eos

194 1116 369 1146 numquam
393 1105 426 1135 in
450 1107 598 1136 nostram
622 1104 879 1135 communionem
909 1114 979 1134 esse
1008 1105 1170 1134 venturos
1216 1105 1244 1134 et
1269 1102 1322 1133 hoc
1349 1102 1472 1133 verbum

195 1158 306 1190 ‘salve'
331 1159 415 1199 apud
436 1161 572 1189 auctores
602 1158 692 1189 bonos
720 1160 763 1189 ter
795 1158 989 1189 emmtiatimi
1020 1157 1176 1188 iuvenitur
1209 1155 1319 1194 ‘salva
1350 1156 1472 1196 salvere,

195 1211 328 1244 salvete'.
419 1221 550 1243 ITERVM
569 1221 628 1251 pro
650 1212 787 1243 secundo.
827 1211 879 1242 hic
904 1210 1178 1252 distinguendum:
1208 1221 1282 1241 nam
1308 1221 1370 1250 quo
1394 1211 1471 1240 tem-

194 1276 272 1307 pore
298 1265 426 1306 sepeliit
450 1276 536 1306 eum,
561 1264 641 1295 dixit
665 1265 733 1296 sine
757 1265 853 1296 dubio
879 1263 998 1296 ‘salve'
1023 1266 1055 1295 et
1080 1263 1193 1295 evale'.

284 1319 335 1351 81.
374 1327 521 1350 RECEPTI
546 1327 752 1356 NEQVIQVAM
777 1327 924 1350 omanus
945 1319 1057 1349 cineres
1075 1329 1132 1359 pro
1153 1318 1223 1359 ipso
1244 1318 1335 1358 patre
1354 1316 1473 1358 posuit,

196 1384 232 1404 ac
257 1373 284 1404 si
308 1372 437 1413 diceret,
461 1372 549 1403 salve
573 1374 665 1413 pater
684 1372 722 1403 de
742 1372 840 1403 Troia
858 1372 995 1403 liberate
1016 1372 1082 1402 sine
1103 1382 1212 1402 causa:
1238 1372 1369 1411 propter
1389 1369 1472 1411 quod

197 1425 342 1467 sequitur
366 1424 449 1456 ‘non
472 1425 564 1456 licuit
586 1426 666 1457 fines
691 1425 793 1457 Italos
818 1425 992 1465 fataliaque
1017 1423 1118 1456 arva'.
1157 1424 1214 1455 alii
1238 1423 1279 1454 ad
1302 1423 1472 1455 historiam

196 1490 294 1520 supra
317 1478 384 1519 <IV
404 1480 490 1519 497>
513 1479 633 1510 dictam
657 1479 802 1510 referunt
822 1478 1030 1510 distinctione
1050 1480 1185 1518 mutata,
1208 1479 1245 1508 ut
1264 1477 1388 1508 dicant:
1413 1476 1471 1507 ‘re-

268 1562 283 1584 8
302 1558 428 1592 numero]
449 1558 509 1584 buc.
529 1558 595 1584 VIII
616 1561 648 1584 75
667 1559 676 1591 ΙΙ
699 1561 714 1584 9
735 1558 770 1584 ad
789 1557 930 1591 sanguinis
951 1578 977 1583 ..
996 1578 1000 1583 .
1021 1557 1217 1590 imitationem]
1239 1556 1272 1582 cf.
1292 1556 1356 1582 Isid.
1377 1564 1414 1582 or
1435 1556 1473 1581 XI

198 1597 221 1655 ἒ),
244 1595 322 1655 123AE
340 1597 373 1655 l113
392 1594 421 1620 in
439 1593 620 1628 logistoricis]
640 1603 667 1627 p.
687 1596 737 1619 258
757 1593 828 1620 Ries.
849 1594 857 1627 Ι]
880 1596 911 1619 15
931 1593 1056 1627 valeant]
1077 1593 1138 1620 Per.
1158 1593 1243 1618 Andr.
1264 1592 1301 1618 IV
1321 1595 1408 1625 2,13.
1439 1591 1472 1618 cf

224 1638 258 1655 on
287 1638 303 1655 a
386 1638 455 1655 vers.

271 1704 282 1726 1
303 1700 392 1726 multo
412 1700 465 1734 ΗΙΙ
478 1703 493 1726 2
507 1700 594 1727 fetum
614 1700 654 1725 F:
674 1700 779 1726 foetum
798 1701 896 1734 reliqui
910 1702 919 1734 ΙΙ
934 1700 1033 1734 colus,
1038 1700 1114 1726 trum
1135 1699 1160 1725 L
1189 1699 1343 1725 colustrum
1365 1699 1401 1724 M
1413 1699 1422 1731 ΙΙ
1437 1698 1473 1724 ud

198 1736 330 1770 sanguine
351 1745 428 1762 sacio
447 1737 478 1761 in
497 1744 582 1769 marq.
602 1735 779 1762 uictimarum
799 1737 913 1762 umbrae
934 1737 1028 1762 autem
1049 1758 1053 1762 .
1075 1756 1080 1761 .
1102 1757 1107 1762 .
1128 1735 1286 1769 exprimant
1306 1734 1330 1759 T
1348 1735 1356 1767 ΙΙ
1375 1738 1390 1760 3
1411 1742 1472 1767 pro-

198 1773 350 1805 sequuntur
370 1772 537 1798 Masvicius:
560 1773 763 1805 persequuntur
783 1771 812 1797 F
837 1773 1019 1805 persecuntur
1041 1772 1063 1797 T
1089 1772 1098 1804 ἱΙ
1127 1775 1141 1797 5
1168 1770 1313 1797 effundunt
1337 1769 1377 1803 F,
1405 1778 1472 1795 corz]

199 1808 301 1833 Daniel
319 1808 327 1840 ΙΙ
353 1810 366 1832 7
387 1807 498 1841 quinas]
527 1808 561 1840 cf.
581 1807 722 1833 Βίὸῑὶεε]·ίί
741 1808 832 1833 adnot.
853 1808 912 1833 crit
933 1808 969 1833 acl
989 1808 1012 1832 V
1032 1810 1065 1833 96
1085 1808 1093 1840 ΙΙ
1113 1810 1128 1833 8
1148 1807 1274 1832 uidentes
1296 1805 1325 1831 F
1330 1806 1352 1831 G
1378 1805 1473 1831 biben-

197 1845 240 1868 tes
259 1843 284 1868 L
306 1844 315 1876 u
339 1842 476 1877 bidentes]
496 1851 547 1876 par
565 1851 683 1876 namque
705 1851 834 1869 numerus
853 1843 1000 1869 divisibilis
1023 1852 1072 1876 per
1091 1851 1173 1876 quem
1193 1842 1350 1868 mortalitas
1370 1841 1473 1875 signifi-

199 1880 289 1911 catur,
308 1879 399 1912 impar
417 1886 535 1912 namque
555 1878 643 1905 dividi
662 1887 717 1904 non
736 1880 840 1912 potest,
860 1887 909 1912 per
924 1887 1005 1912 quem
1020 1878 1218 1927 immortalitas
1235 1877 1390 1903 ostenditur
1395 1863 1472 1903 eadsi.

199 1950 228 1976 D
242 1949 272 1983 n'
265 1949 356 1982 inpari
376 1949 453 1983 ΟΗΙΙ
468 1952 482 1975 9
502 1949 688 1976 imitationem
707 1958 756 1975 om.
770 1950 802 1975 H
813 1951 822 1983 ΙΙ
839 1952 870 1975 10
891 1949 963 1975 sedis
984 1949 1013 1974 F
1039 1949 1117 1975 sedes
1136 1949 1158 1975 C
1170 1950 1179 1983 ΙΙ
1200 1952 1230 1975 12
1251 1950 1282 1975 ut
1302 1956 1385 1982 supra
1403 1948 1474 1974 dixit

200 1994 249 2011 om.
262 1985 291 2010 F
296 1985 324 2017 C,
343 1986 439 2011 seclusi
453 1987 461 2018 Ι]
475 1985 545 2011 dixit
554 1985 587 2010 N
590 1985 653 2011 ΕΗ
656 1995 663 2010 ;
684 1984 801 2011 diximus
818 1986 854 2011 M
867 1987 876 2019 Η
891 1988 923 2011 13
943 1985 1131 2019 lo's'gistoricis
1147 1985 1172 2010 L
1192 1984 1389 2019 (longistoricis
1408 1985 1473 2017 fuit)

200 2020 367 2055 legistoricis
386 2020 424 2046 Η.
457 2020 486 2046 id
505 2022 547 2046 est
565 2021 594 2046 in
613 2020 726 2047 istoriae
746 2021 899 2047 rationibus
918 2029 1049 2053 superscr.
1070 2022 1101 2053 ΖΙΙ
1122 2023 1154 2046 14
1174 2020 1318 2054 sinonyma
1338 2019 1368 2045 F
1394 2028 1472 2053 syno-

199 2057 276 2082 nima
296 2056 355 2082 CN
380 2056 526 2088 synomina
545 2056 571 2081 L
599 2056 737 2082 sinonima
757 2057 793 2082 M
814 2057 823 2089 ΙΙ
851 2056 901 2088 hys
922 2056 951 2081 F
976 2056 999 2082 is
1019 2056 1052 2082 H
1071 2057 1080 2089 ΙΙ
1104 2056 1326 2082 execrationibus
1345 2056 1449 2081 LHM

203 2095 233 2118 17
253 2091 343 2126 possit
362 2092 383 2118 C
396 2092 405 2124 ΙΙ
423 2093 454 2117 ut
473 2100 521 2117 om.
543 2091 589 2125 01]
612 2094 643 2117 18
663 2091 799 2124 numquid
818 2091 848 2117 F
864 2092 873 2124 ΙΙ
894 2094 925 2117 19
945 2092 1038 2117 saluae
1060 2091 1089 2117 F
1105 2092 1113 2125 Η
1133 2092 1219 2118 bonos
1238 2093 1280 2117 ter
1299 2090 1472 2117 enuntiatum

201 2128 317 2154 Daniel:
336 2128 451 2153 honeste
471 2127 632 2153 renunciat-e
654 2126 703 2160 Fu
722 2127 796 2153 salve
817 2127 922 2153 salvere
942 2127 1048 2153 salvete
1067 2128 1179 2160 scripsi:
1199 2127 1275 2153 salue
1296 2127 1371 2153 salin
1390 2126 1473 2152 resal-

201 2164 286 2198 uetes]
305 2164 372 2196 (una
387 2164 477 2189 littera
492 2164 580 2194 erasa)
602 2162 631 2187 F
657 2163 733 2188 salve
753 2163 827 2188 salve
847 2163 953 2188 resalve
973 2164 1016 2188 ter
1034 2163 1144 2190 Daniel.
1165 2164 1199 2195 cf.
1215 2163 1305 2189 Dioni
1317 2171 1346 2195 Ρ.
1363 2164 1424 2189 348.
1440 2165 1473 2187 30

203 2199 290 2225 Probi
309 2199 376 2225 cath.
394 2207 421 2231 Ρ.
438 2201 480 2231 38
498 2201 528 2224 17
552 2198 657 2224 Ihooae
676 2206 722 2224 azs
736 2206 766 2231 Ρ.
782 2201 842 2230 436,
858 2201 890 2223 13
906 2198 942 2223 11.
958 2199 966 2231 ΙΙ
981 2201 1014 2224 20
1034 2198 1091 2232 hic]
1112 2199 1140 2224 et
1158 2199 1204 2224 hic
1220 2199 1263 2231 Cu
1278 2201 1309 2223 21
1331 2197 1431 2230 sqwlit
1446 2196 1476 2221 1

202 2242 250 2268 sep
252 2234 332 2260 eliuit
351 2234 445 2267 111122
466 2234 570 2259 cineres
589 2234 649 2259 hab.
661 2233 698 2259 M
709 2236 733 2259 et
746 2242 821 2267 supr.
837 2242 901 2259 1··(’13.
918 2234 948 2267 ΙΙΙ
970 2237 1003 2259 23
1024 2234 1057 2259 de
1076 2234 1171 2268 Troia]
1192 2234 1225 2260 de
1245 2233 1317 2259 troii,
1335 2242 1384 2266 per
1403 2232 1473 2266 peri—

202 2270 271 2296 culis
292 2269 321 2295 F
351 2270 384 2295 de
409 2269 493 2295 Troia
516 2269 647 2302 peiiculis
671 2269 774 2295 Daniel
807 2269 840 2295 de
865 2269 962 2295 'Iroiae
986 2269 1117 2303 periculis
1143 2269 1320 2295 Comme-linus
1339 2269 1448 2301 primus

202 2305 331 2346 libertate
347 2306 385 2346 ἸΙΙ
397 2306 406 2338 ΙΙ
421 2305 479 2331 sine
499 2304 593 2338 causa]
614 2304 781 2338 nequiquam
801 2306 894 2331 autem
915 2304 972 2330 sine
993 2313 1076 2331 causa
1091 2305 1120 2330 F
1131 2306 1140 2339 ss
1155 2308 1187 2331 25
1208 2313 1290 2338 supra
1309 2304 1383 2330 dicta
1398 2304 1474 2329 Mus-

202 2348 288 2366 viezus
303 2349 411 2374 primus

1491 680 1523 703 10

1492 948 1524 971 15

1492 1483 1525 1506 25
