1690 2611
192 139 229 165 VI
718 136 936 163 PRAEFATIO.

191 221 325 263 polandi
354 221 495 252 studium
525 220 671 252 revocari
700 219 738 251 cf.
767 219 846 251 Aen.
874 219 890 250 I
921 219 958 250 11
986 217 1029 261 (p.
1057 219 1110 259 16,
1139 217 1188 260 4),
1216 219 1258 249 46
1284 217 1328 261 (p.
1352 218 1408 259 32,
1438 219 1471 260 8)

193 275 234 307 69
256 274 300 316 (p.
320 275 375 315 39,
395 274 465 316 24),
489 274 554 305 475
575 273 619 315 (p.
642 273 718 314 151,
741 272 808 315 13),
833 273 896 304 499
917 271 960 314 (p.
982 273 1058 313 156,
1077 270 1149 313 20),
1173 272 1235 303 551
1257 270 1300 312 (p.
1323 272 1393 312 169,
1408 271 1474 313 26),

194 329 255 360 701
283 327 327 369 (p.
355 328 431 368 196,
455 326 527 369 21),
557 326 589 358 II
613 327 678 358 255
703 325 747 369 (p.
771 327 850 368 262,
874 325 918 369 4).
964 326 1002 357 (10
1025 325 1077 357 1113
1102 325 1178 367 quid
1202 325 1407 356 iudicandum
1431 325 1472 356 sit

193 381 382 419 ostendunt,
411 382 447 411 ut
472 380 600 421 opinor,
629 380 763 421 vulgata
788 381 819 411 et
844 379 1033 411 Cassellana
1057 378 1180 410 scholia
1205 378 1244 410 ad
1268 377 1346 410 Aen.
1370 378 1385 409 I
1408 378 1472 409 540

193 438 226 467 et
249 435 328 476 566,
358 434 390 465 II
416 435 448 475 7,
477 434 541 465 247
572 434 657 465 inter
687 445 720 465 se
750 435 950 474 comparata,
979 432 1095 474 quibus
1120 432 1200 464 adde
1225 443 1305 473 quae
1330 431 1367 463 ad
1393 431 1472 463 Aen.

193 488 242 520 III
270 489 329 520 171
355 490 388 519 et
411 487 458 520 IV
483 487 524 519 58
550 487 583 518 in
607 487 804 519 Floriacensi
836 487 999 528 adscripta
1031 488 1114 518 sunt.
1161 497 1236 518 nam
1260 487 1296 517 ut
1319 485 1370 516 his
1393 485 1472 516 10013

194 544 329 584 apparet
363 553 400 572 ex
433 541 473 572 iis
503 552 585 582 quae
614 541 647 571 in
675 540 875 582 plenioribus
904 540 997 571 libris
1026 541 1138 571 extent
1165 540 1300 580 vulgata
1329 539 1474 571 derivata

194 607 278 637 esse,
311 595 359 627 ita
392 595 616 636 supplementa
650 605 730 635 quae
765 594 831 625 dixi
863 594 1013 625 videntur
1046 593 1105 625 illa
1139 592 1267 635 quidem
1299 594 1374 634 post
1405 603 1474 624 esse

195 650 315 690 addita,
341 649 396 680 sed
420 649 467 680 ita
490 650 526 680 ut
549 660 630 690 quae
654 648 817 680 breviator
842 648 972 689 quidam
997 647 1168 679 abiecisset
1190 647 1223 678 in
1249 658 1342 678 suum
1366 647 1474 679 locum

194 703 451 735 restituerentur.
498 713 561 743 qua
594 713 628 733 re
661 712 700 733 ne
735 702 805 743 quis
835 712 946 733 eorum
975 702 1169 733 sententiam
1198 701 1381 732 confirmari
1413 700 1475 731 sibi

195 757 388 799 persuadeat
418 756 472 797 qui
500 756 678 797 pleniorem
709 755 976 787 commentarium
1005 755 1045 786 ad
1077 755 1298 796 incorruptam
1328 753 1476 786 Serviani

197 811 302 853 operis
331 810 553 851 integritatem
583 810 715 850 propius
745 809 895 841 accedere
925 810 1042 850 putant
1070 819 1166 850 quam
1201 808 1383 849 vulgatum,
1415 807 1477 838 11οο

198 876 326 906 moneo,
357 875 429 895 cum
455 863 550 894 certis
576 863 775 905 argumentis
801 863 905 894 evinci
928 863 1033 903 possit
1058 862 1086 893 ei
1111 862 1164 903 qui
1188 861 1367 903 pleniorem
1392 872 1476 892 com-

197 918 392 951 mentarium
418 917 635 958 composuerit
658 918 787 957 praeter
807 915 964 947 Serviana
984 916 1120 947 aliorum
1141 926 1315 957 eorumque
1335 915 1476 956 superio-

196 984 268 1004 rum
294 971 581 1014 grammaticorum
606 970 730 1002 scholia
755 970 795 1001 ad
819 981 949 1001 manum
974 969 1087 1009 fuisse,
1111 969 1222 1000 eadem
1246 969 1479 1010 probabilitate

197 1027 264 1058 illis
296 1025 375 1057 locis
404 1025 538 1067 vulgata
567 1023 693 1065 Servio,
722 1024 870 1065 pleniora
899 1023 944 1055 eis
973 1023 1073 1055 tribui
1102 1033 1238 1064 quorum
1263 1022 1386 1054 scholia
1410 1022 1479 1063 ipse

199 1080 329 1112 Servius
364 1078 579 1119 exscripserit.
617 1078 654 1110 cf.
684 1076 770 1109 Serv.
799 1077 839 1108 ad
868 1076 948 1109 Aen.
978 1076 1009 1107 II
1038 1077 1102 1108 632
1136 1078 1168 1108 et
1197 1076 1395 1108 Haterianus
1429 1087 1479 1117 ap.

199 1134 341 1165 Macrob.
359 1132 425 1164 Sat.
449 1132 497 1164 III
522 1133 555 1173 8,
582 1133 677 1173 1sqq.

287 1186 391 1218 Venio
422 1186 461 1217 ad
495 1186 633 1217 alterum
667 1185 962 1217 additamentorum
995 1195 1095 1226 genus
1130 1184 1214 1225 quod
1246 1184 1349 1215 multo
1382 1182 1478 1214 latius

200 1242 304 1283 patet,
331 1242 427 1281 atque
451 1240 591 1281 primum
617 1239 655 1270 de
680 1239 719 1270 iis
744 1239 924 1280 pleniorum
951 1238 1107 1270 librorum
1132 1237 1265 1269 scholiis
1285 1237 1389 1268 dicam
1414 1237 1480 1278 (1111-

200 1296 259 1326 bus
296 1294 474 1325 additiones
509 1293 556 1324 ita
590 1304 662 1324 cum
697 1293 840 1334 vulgatis
875 1292 1045 1333 copulatae
1079 1294 1167 1333 sunt,
1204 1293 1241 1323 ut
1279 1290 1479 1333 integritatis

201 1348 361 1390 quandam
388 1347 526 1388 speciem
551 1346 746 1378 adfectatam
771 1358 841 1378 esse
866 1348 1035 1387 appareat,
1060 1357 1123 1387 qua
1142 1356 1206 1377 non
1226 1345 1352 1386 decepti
1373 1346 1481 1376 essent

201 1402 287 1434 docti
307 1393 466 1442 homines,
489 1401 552 1432 nisi
572 1400 797 1432 commentarii
817 1400 920 1441 magis
940 1402 1074 1440 propter
1094 1398 1354 1430 memorabilium
1374 1408 1480 1429 rerum

201 1456 420 1498 cognitionem
453 1454 591 1496 singulis
616 1454 697 1485 locis
721 1454 836 1494 inspici
862 1465 959 1495 quam
983 1453 1161 1485 continenti
1185 1453 1323 1484 lectione
1347 1451 1481 1483 tractari

202 1510 354 1541 solerent.
392 1508 471 1539 utile
496 1508 622 1539 videtur
646 1518 711 1538 non
734 1507 826 1538 nulla
849 1507 945 1538 huius
970 1507 1055 1538 modi
1081 1507 1206 1538 scholia
1230 1506 1327 1548 paulo
1353 1516 1482 1537 accura-

202 1563 266 1595 tius
297 1561 491 1593 examinare.
538 1560 618 1592 Aen.
647 1560 662 1591 I
687 1560 729 1592 52
753 1559 798 1602 (p.
822 1560 877 1601 34,
901 1559 935 1603 2)
964 1560 1065 1601 igitur
1094 1561 1227 1602 vulgato
1257 1559 1378 1591 scholio
1407 1560 1482 1600 post

201 1619 359 1648 ventorum
388 1615 468 1647 haec
496 1615 622 1651 inserta
649 1616 725 1645 sunt
755 1614 912 1656 Hippotae
935 1615 996 1646 sive
1019 1614 1103 1646 Iovis
1126 1614 1188 1645 sive
1211 1613 1350 1654 Neptuni
1371 1612 1482 1653 filium,

202 1672 256 1711 qui
275 1696 281 1701 .
297 1695 303 1701 .
321 1696 327 1702 .
347 1671 382 1701 in
405 1679 467 1710 qua
490 1671 626 1700 maneret
649 1668 769 1708 accepit.
815 1668 910 1699 mitto
935 1667 1115 1709 Hippotam
1140 1667 1234 1699 Aeoli
1258 1668 1383 1707 patrem
1407 1667 1482 1696 ante

203 1724 405 1756 nominatum
439 1734 522 1760 esse,
555 1722 635 1753 illud
661 1733 789 1763 quaero,
822 1733 898 1753 num
933 1722 971 1753 ad
1005 1723 1176 1753 ventorum
1206 1721 1364 1761 regimen,
1398 1719 1482 1761 quod

205 1778 306 1809 Aeolo
332 1790 350 1809 a
374 1777 451 1808 Iove
475 1776 635 1807 tributum
660 1786 729 1807 esse
753 1777 868 1817 poetae
893 1775 1025 1806 finxisse
1051 1774 1214 1815 dicuntur,
1238 1773 1422 1814 pertineant
1447 1784 1484 1804 ea

205 1843 286 1873 quae
319 1829 499 1862 Cassellani
532 1829 663 1870 propria
698 1830 782 1860 sunt.
829 1828 953 1860 accedit
986 1829 1071 1869 quod
1105 1839 1142 1859 ea
1166 1827 1329 1858 additione
1358 1827 1484 1868 vulgati

205 1885 320 1917 scholii
345 1885 511 1915 contextus
536 1883 670 1914 moleste
694 1882 941 1922 interrumpitur
972 1883 1003 1913 et
1036 1881 1225 1912 obscuratur
1248 1880 1280 1911 id
1305 1880 1390 1921 quod
1415 1879 1484 1911 Ser-

205 1937 293 1970 vium
323 1937 463 1969 voluisse
493 1938 636 1977 apparet.
664 1954 699 1957 —
733 1936 746 1966 I
774 1936 813 1967 78
841 1934 885 1976 (1).
908 1935 965 1975 43,
993 1933 1046 1976 19)
1072 1935 1239 1975 vulgatum
1269 1933 1427 1965 scholium
1452 1934 1485 1965 in

206 1991 350 2033 pleniore
376 1990 460 2022 libro
486 1989 611 2020 duobus
637 1988 865 2020 additamentis
891 1990 1020 2020 auctum
1046 1990 1107 2028 est3
1131 1999 1206 2019 nam
1232 1990 1306 2028 post
1330 1988 1485 2028 adrosscms

206 2045 285 2076 haec
317 2045 440 2075 inserta
469 2045 545 2074 sunt
573 2045 627 2073 aut
654 2043 729 2082 qnia
752 2043 816 2082 ‘ipso
839 2052 892 2073 rex
915 2042 969 2073 sub
993 2042 1092 2072 alieno
1116 2042 1242 2081 imperio
1267 2043 1321 2083 est,
1348 2043 1424 2081 post
1448 2043 1485 2072 tc-

206 2109 276 2131 nerc
308 2098 387 2129 hacc
422 2096 531 2128 addita
563 2096 770 2136 quodcumque
803 2105 870 2135 eryo
964 2096 1103 2127 emittere..
1151 2095 1217 2126 illis
1249 2096 1281 2126 et
1313 2094 1483 2126 verborum

207 2154 370 2184 structura
399 2150 564 2190 turbatur,
599 2160 674 2180 nam
703 2149 826 2180 diceudo
856 2151 957 2180 aulem
989 2148 1224 2189 ‘quodcumque'
1248 2150 1304 2180 aut
1325 2148 1485 2179 verecunde

207 2207 265 2247 ait,
293 2216 330 2236 ne
357 2205 496 2236 videatur
524 2203 690 2243 mirossaus,
718 2205 774 2233 aut
800 2203 874 2242 quia
907 2203 967 2242 ipse
995 2213 1048 2234 rex
1075 2202 1130 2234 sub
1161 2202 1260 2233 alieno
1284 2201 1410 2241 imperio
1434 2203 1484 2241 est,

208 2262 263 2291 aut
295 2259 422 2291 lalevter
444 2267 543 2297 paena
572 2257 690 2287 iocatur
713 2258 804 2296 poeta
833 2267 897 2286 non
923 2258 997 2287 sunt
1021 2258 1095 2297 apte
1121 2254 1312 2295 composita,
1346 2256 1378 2285 et
1401 2253 1485 2285 idem

210 2314 274 2345 fere
304 2312 505 2355 significatur
535 2310 620 2351 quod
649 2310 700 2340 his
730 2320 810 2350 quac
842 2310 987 2350 proxime
1019 2309 1212 2341 antecedunt
1242 2309 1297 2338 ant
1326 2308 1487 2339 verecunde

210 2367 255 2398 ait
278 2377 316 2398 ow
339 2366 479 2397 videatur
497 2364 660 2404 acb-offlam.
691 2374 727 2394 ca
747 2365 854 2394 autem
878 2374 958 2404 quae
980 2363 1090 2394 addita
1110 2364 1185 2393 sunt
1204 2371 1297 2392 nemo
1318 2371 1382 2392 non
1403 2360 1488 2392 videt
