1690 2611
240 107 378 134 LXXVIII
772 109 985 137 PRAEFATIO.

239 192 404 221 exaratum
431 202 500 222 esse
524 191 673 223 dixerunt
698 195 768 223 c'um
789 193 933 224 carmina
948 191 1124 223 Hlothario
1139 192 1328 233 imperatori
1344 195 1375 225 et
1394 193 1520 226 Tadoni

238 243 530 276 Mediolanensium
555 244 705 286 episcopo
730 246 888 287 inscripta
918 248 986 277 tum
1019 245 1077 276 illa
1100 245 1313 287 neglexerunt
1342 259 1423 289 quae
1447 246 1518 279 Ser-

240 297 333 329 viano
366 297 406 329 ad
431 298 511 329 Aen.
535 297 551 329 I
575 299 616 329 39
650 297 694 340 (p.
720 299 774 340 28,
802 300 816 330 1
840 298 922 341 sqq.)
955 299 1079 330 scholio
1113 299 1153 329 ab
1187 299 1298 330 eodem
1332 300 1386 340 qui
1417 300 1520 332 Servii

239 351 339 382 verba
364 351 494 392 scripsit
518 352 551 382 in
576 352 722 393 margine
747 352 896 393 adposita
915 354 990 383 sunt
1009 354 1114 384 contra
1131 353 1371 393 yoddiscalcum:
1397 354 1539 386 scilicet.

240 403 504 437 Gotteschalcum
536 407 742 447 monachum,
777 406 831 448 qui
860 407 966 438 medio
991 407 1058 438 fere
1089 417 1174 438 nono
1208 407 1336 438 saeculo
1367 407 1405 438 de
1429 419 1520 449 prae-

240 457 458 490 destinatione
484 462 516 491 et
539 459 642 491 libero
664 459 797 491 arbitrio
814 459 854 491 ab
881 460 1033 491 ecclesiae
1053 459 1200 491 doctrina
1220 460 1430 492 abhorrentia
1448 473 1520 502 pro-

240 511 328 552 tulit,
352 513 557 554 grammatici
582 513 744 544 sententia
773 513 878 545 refelli
903 525 997 555 posse
1027 514 1154 555 putavit
1184 514 1345 545 librarius.
1387 513 1439 545 hio
1463 514 1521 555 igi-

239 567 292 596 tur
317 566 414 597 codex
440 566 493 598 fol.
519 567 650 598 2—138
676 566 778 598 Servii
808 567 841 598 in
865 567 1025 608 bucolica,
1055 567 1220 609 georgica,
1244 566 1395 599 Aeneidis
1420 568 1520 600 libros

240 630 294 650 sex
314 619 439 661 priores
464 621 495 650 et
520 620 649 661 septimi
670 632 697 652 v.
721 621 827 651 1—16
849 619 992 663 (ycmz'tus
1015 621 1201 652 irascentum
1222 621 1341 652 leonum
1364 632 1435 652 scra
1466 622 1521 653 sub

240 675 323 703 nocte
353 674 444 713 quasi
472 672 517 715 co)
546 674 795 705 commentarios
827 674 970 715 exhibet,
1002 674 1118 715 quibus
1150 674 1229 706 haec
1260 675 1417 716 inscripta
1447 677 1523 706 sunt

243 727 526 767 Incipitssrpositio
551 727 651 768 San-qil
671 729 869 768 yrammatc'ci
900 729 931 759 e'n
955 728 1104 760 bocolicon
1128 730 1155 759 ct
1180 729 1211 759 in
1247 728 1339 760 libros
1363 729 1521 769 {scotyicon

242 782 330 819 atque
362 781 539 812 aeneadum.
588 792 783 822 quamquam
816 782 898 813 liber
932 784 964 813 et
996 782 1208 823 neglegenter
1240 782 1378 823 scriptus
1410 784 1459 813 est
1490 784 1522 813 et

243 832 346 865 Servii
378 834 501 865 scholia
532 834 625 865 valde
659 835 827 867 decurtata
856 835 1003 877 praebet,
1034 837 1157 876 tamen,
1187 846 1226 866 ne
1258 835 1520 876 antiquissimum

243 889 359 918 testem
383 888 566 930 neglexisse
597 898 750 929 arguerer
779 891 811 920 et
841 891 876 919 ut
907 889 1090 930 exemplum
1120 888 1267 919 Serviani
1299 889 1522 920 commentarii

242 941 275 971 in
301 941 431 973 brevius
456 942 615 973 contracti
644 941 864 983 exhiberetur,
893 942 932 973 ad
955 943 1096 982 primum
1121 941 1274 973 Aeneidis
1304 942 1424 974 librum
1454 942 1521 974 eius

242 995 432 1026 testimonia
457 995 622 1036 adscripsi.

333 1048 382 1079 Ad
407 1048 582 1080 Bernensis
607 1050 745 1080 aetatem
774 1049 919 1090 proxime
949 1049 1072 1080 accedit
1096 1047 1424 1080 Caroliruhensis
1451 1049 1522 1091 186,

244 1102 298 1143 qui
323 1102 392 1143 ipse
418 1113 543 1143 quoque
568 1102 600 1133 in
627 1103 823 1134 membranis
844 1103 968 1135 formae
984 1102 1159 1144 quadratae
1174 1113 1259 1134 nono
1275 1103 1404 1134 saeculo
1424 1103 1522 1145 scrip-

243 1158 294 1186 tus
326 1158 384 1187 est.
432 1155 717 1188 Reichenaviensis
749 1156 938 1188 monasterii
972 1168 1044 1188 eum
1078 1156 1156 1187 olim
1189 1156 1287 1187 fuisse
1318 1156 1442 1188 duabus
1475 1157 1522 1188 in-

244 1209 475 1250 scriptionibus
499 1209 670 1251 probatur,
700 1221 781 1251 quae
806 1210 839 1241 in
863 1211 987 1251 primae
1011 1210 1148 1252 paginae
1177 1209 1324 1250 margine
1354 1210 1520 1242 inveniun-

242 1264 308 1293 tur:
334 1262 449 1303 altera,
475 1262 553 1293 satis
571 1263 718 1304 antiqua,
743 1263 821 1294 haec
838 1265 888 1294 est
907 1263 981 1294 liber
1000 1263 1089 1303 anglie
1108 1263 1245 1303 maim-1⁴3,
1271 1263 1391 1304 altera,
1415 1275 1521 1295 recen-

243 1315 307 1346 tior
331 1316 448 1354 multo,
473 1315 553 1347 haec
577 1316 767 1348 lllowwstcrii
791 1317 912 1357 Aisyme
935 1316 1061 1348 Divitis.
1104 1315 1204 1347 habet
1229 1316 1327 1347 codex
1353 1317 1523 1358 sexaginta

243 1371 396 1409 quattuor
420 1369 512 1410 folia,
537 1381 553 1401 e
578 1370 694 1411 quibus
714 1371 817 1401 1—41
836 1371 875 1402 ad
895 1370 1047 1412 georgica
1067 1370 1242 1411 pertinent,
1266 1380 1347 1410 quae
1371 1369 1432 1401 hoc
1451 1370 1522 1402 loco

243 1434 307 1453 uon
332 1433 421 1454 curo:
446 1422 579 1463 reliquis
604 1423 637 1454 in
662 1422 742 1454 Aen.
763 1423 775 1453 I
797 1424 817 1454 4
838 1422 933 1464 (circa
957 1424 1094 1454 troianos
1112 1423 1275 1454 wesez'emes
1298 1424 1379 1463 quod
1400 1434 1523 1455 saevam

243 1475 380 1507 dicebant
402 1476 523 1516 veteres)
548 1487 648 1517 usque
674 1477 713 1508 ad
737 1488 765 1508 v.
790 1477 853 1508 338
872 1477 917 1518 (lai
940 1478 993 1517 qui
1017 1478 1052 1508 dc
1080 1476 1213 1508 chalcide
1234 1480 1380 1508 venerant
1402 1466 1524 1509 ciuitate

242 1528 372 1571 euboico)
407 1530 657 1561 commentarius
693 1531 892 1571 continetur,
930 1531 969 1561 ab
1006 1542 1068 1562 uno
1109 1530 1240 1561 homine
1274 1530 1427 1572 scriptus,
1459 1531 1523 1562 nisi

243 1582 328 1623 quod
363 1583 591 1623 septemdecim
615 1583 755 1625 paginae
780 1584 821 1615 83
859 1594 969 1614 versus
1003 1583 1042 1614 ab
1073 1583 1249 1615 exercitato
1283 1584 1416 1615 librario
1450 1595 1522 1616 exa-

244 1636 307 1667 rati
333 1639 425 1677 sunt,
450 1636 588 1668 fortasse
618 1641 653 1668 ut
676 1637 704 1668 is
736 1637 785 1668 cui
815 1637 938 1678 reliqua
967 1636 1177 1668 describenda
1206 1638 1312 1668 essent
1342 1638 1521 1678 exemplum

244 1689 378 1721 haberet
410 1690 492 1731 quod
524 1690 716 1722 imitaretur.
766 1691 895 1732 singula
924 1690 1047 1722 scholia
1078 1715 1083 1721 .
1109 1715 1132 1731 .,.
1157 1702 1164 1731 3
1193 1690 1294 1731 signis
1323 1691 1522 1732 interpositis

244 1743 328 1774 inter
354 1755 386 1774 se
411 1743 566 1775 distincta
591 1747 674 1775 sunt.
719 1744 858 1776 correxit
879 1744 1020 1775 codicem
1040 1743 1137 1775 homo
1158 1743 1292 1775 librario
1317 1744 1383 1775 fere
1409 1755 1522 1786 aequa-

245 1796 296 1827 lis:
332 1808 406 1827 nam
440 1797 503 1827 nisi
536 1798 647 1837 paucis
681 1798 760 1829 locis
794 1809 859 1830 non
893 1797 959 1829 vidi
993 1809 1011 1828 a
1044 1798 1222 1828 recentiore
1256 1808 1352 1828 manu
1381 1797 1522 1838 priorem

245 1850 439 1891 scripturam
470 1851 673 1882 emendatam
704 1862 782 1883 esse.
830 1862 1024 1892 quamquam
1056 1850 1210 1882 librarius
1241 1850 1347 1882 officio
1373 1862 1430 1882 suo
1459 1862 1523 1882 non

245 1905 294 1934 cst
309 1903 483 1945 diligenter
504 1904 634 1935 functus
651 1907 683 1936 et
698 1905 803 1936 multa
819 1905 968 1936 mendose
989 1904 1128 1945 scripsit,
1145 1904 1255 1945 magni
1275 1906 1386 1935 tamen
1406 1906 1455 1936 est
1470 1904 1523 1935 hic

246 1957 328 1987 liber
344 1958 579 1997 aestimandus,
605 1958 722 1998 quippe
743 1958 831 1990 cuius
848 1958 1011 1999 exemplar
1036 1958 1064 1989 ei
1087 1958 1170 1989 libro
1196 1958 1398 1989 simillimum
1423 1957 1523 1988 fuisse

245 2010 391 2041 videatur
420 2023 435 2042 e
466 2023 528 2052 quo
553 2010 709 2052 plenioris
739 2011 962 2043 commentarii
992 2013 1104 2043 auctor
1134 2009 1288 2043 Servsana
1318 2011 1442 2052 petivit.
1484 2010 1523 2041 cf.

245 2064 352 2095 adnot.
378 2064 447 2095 crit.
473 2065 512 2095 ad
539 2075 611 2106 pag.
639 2065 691 2105 19,
720 2066 772 2105 173
803 2066 858 2105 130,
883 2067 917 2106 23
947 2066 1005 2105 21,
1029 2066 1063 2105 43
1094 2066 1150 2105 23,
1180 2065 1230 2106 113
1261 2065 1318 2104 24,
1345 2065 1375 2104 13
1405 2064 1463 2104 26,
1487 2063 1522 2104 43

245 2118 296 2157 29,
321 2118 354 2157 Εἰς
379 2119 430 2158 ϋὲὶ,
460 2119 513 2158 143
539 2120 590 2158 ⁴551,
607 2119 634 2149 6.
674 2121 814 2149 ceterum
836 2119 915 2149 t'olia
934 2129 998 2149 non
1024 2119 1115 2149 nulla
1134 2129 1245 2150 umore
1270 2118 1420 2157 corrupta
1440 2119 1523 2158 sunt,

248 2173 281 2201 ut
305 2181 387 2212 quae
413 2171 445 2201 in
471 2171 677 2202 inferioribus
706 2171 854 2212 partibus
880 2171 1001 2213 scripta
1025 2173 1116 2202 crant
1140 2171 1259 2212 partim
1284 2170 1482 2201 evanuerint.

461 2253 568 2287 Collige
589 2254 779 2288 scottigenae,
801 2255 973 2288 speculator,
994 2255 1095 2289 collige
1116 2254 1231 2288 sophos,

459 2294 498 2320 Tc
520 2294 595 2326 legat
615 2294 811 2328 Omnipotens:
832 2294 935 2329 collige
955 2294 1140 2328 Scottigenas.

246 2335 304 2369 ipsc
325 2336 358 2361 de
379 2334 430 2360 hoc
453 2334 523 2360 libro
545 2334 683 2368 copiosius
704 2334 761 2359 dixi
782 2334 809 2360 in
830 2335 1034 2368 programmate
1055 2333 1260 2367 Numburgensi
1282 2333 1347 2359 anni
1370 2336 1444 2360 1856.
