1690 2611
503 115 615 142 COMM.
634 115 674 141 IN
692 115 799 141 VERG.
820 115 903 141 AEN.
924 115 956 140 V.
978 118 1125 141 620—639.
1388 114 1452 145 63⁸.)

177 199 316 230 cancri.
385 207 451 230 PER
471 207 564 230 MARE
585 205 732 229 MAGNVM
757 197 987 238 procellosum:
1012 196 1181 229 Lucretius
1201 196 1254 238 <II
1273 197 1311 238 1>
1336 208 1451 228 suave

177 264 270 285 marl
295 263 442 295 magno.

265 307 338 338 629.
376 314 552 344 SEQVIMVR
584 313 791 336 FVGIENTEM
824 306 861 335 ut
893 304 969 336 alibi
1002 303 1071 343 <VI
1096 304 1159 344 61>
1192 304 1266 336 iam
1298 304 1450 336 tandem

175 360 318 392 Italiae
347 359 536 402 fugientis
564 358 788 400 prendimus
819 369 915 389 oras.
962 359 994 388 et
1017 369 1051 388 re
1075 368 1151 388 vera
1173 357 1281 389 nullus
1306 359 1450 399 sequitur

174 414 238 445 nisi
262 414 345 455 quod
370 413 463 454 fugit.
555 421 738 444 VOLVIMVR
761 423 825 443 non
848 412 929 443 dixit
952 410 1183 452 ‘navigamus’.

264 467 338 498 630.
374 475 433 498 Hic
457 474 578 498 ERYCIS
602 474 702 497 FINES
727 467 952 507 argumentum
977 476 996 495 a
1020 464 1118 495 facili.
1164 467 1191 496 et
1214 467 1257 496 cst
1278 467 1451 497 necessaria

174 520 347 561 antithesis,
375 522 410 551 iit
433 520 658 560 opportunitate
681 519 841 551 meliorum
864 519 1073 559 praesentium
1097 518 1198 549 animi
1220 529 1240 549 a
1261 519 1378 558 falaris
1402 520 1449 550 in-

173 575 261 606 certis
283 576 469 605 avertantur.

262 627 336 659 631.
373 640 469 659 Mimos
487 640 593 658 mern
618 637 678 666 pro
712 626 930 665 ‘fundamenta
962 625 1092 657 iacere’:
1125 636 1196 657 nam
1231 626 1316 657 muri
1348 626 1448 658 ‘claci'

173 681 326 712 difflantur.

262 728 334 766 632.
372 742 579 772 NEQVIQVAM
593 734 647 776 qui
663 745 726 766 non
741 734 924 775 proderant,
940 744 1012 765 cum
1028 735 1135 764 essent
1149 733 1290 764 fatorum
1306 734 1447 765 comites.

262 788 334 819 634.
373 801 535 820 anomaeos
556 800 654 820 mmm
684 788 938 828 quemadmodmn
966 788 1042 818 vidit
1074 787 1133 818 sibi
1162 787 1284 827 patriae
1312 788 1447 819 reeorda-

172 842 252 873 tione
273 842 416 882 finxisse:
440 844 496 873 ant
518 852 580 872 non
604 842 753 882 continget
776 841 853 872 mihi
875 841 974 872 videre
996 841 1137 880 flumina.

260 895 333 927 635.
370 903 560 926 INFAVSTAS
585 895 663 925 mali
687 895 812 926 ominis.

260 949 332 980 636.
370 957 443 980 ΝΛΜ
461 957 537 979 MIHI
553 956 779 980 CASSANDRAE
803 959 868 979 non
892 948 942 979 oui
962 947 1090 979 credere
1109 959 1176 979 non
1194 947 1366 988 debebant,
1391 948 1446 980 sed

171 1002 220 1033 cui
245 1013 316 1033 cum
342 1014 400 1034 sua
422 1002 562 1043 pernicie
586 1013 650 1033 non
675 1001 886 1033 crediderant.

259 1056 332 1088 638.
370 1065 431 1086 IAM
455 1064 588 1087 TEMPVS
614 1064 673 1086 AGI
698 1064 761 1086 RES
786 1055 818 1086 id
843 1058 892 1086 est
916 1055 1046 1086 Troiam
1072 1055 1149 1087 fieri.

259 1109 331 1140 639.
369 1118 464 1140 MORA
489 1117 666 1141 PRODIGIIS
696 1119 767 1140 ecce
796 1109 979 1150 prodigium
1009 1109 1047 1139 de
1077 1109 1172 1140 bono.
1219 1111 1251 1140 et
1275 1119 1443 1150 argumen-

168 1165 258 1194 tatur
283 1163 321 1194 ad
346 1163 530 1194 incendium
554 1163 698 1204 navium,
727 1174 798 1194 aras
829 1163 939 1193 ardere
965 1162 1120 1203 Neptuni:
1153 1174 1232 1203 quas
1256 1163 1326 1194 ideo
1353 1165 1444 1204 quat-

168 1218 242 1247 tuor
266 1216 355 1256 dicit,
384 1217 458 1257 quia
482 1216 601 1257 singuli
626 1216 721 1247 (luces
745 1217 886 1254 navium,
914 1217 968 1256 qni
990 1219 1191 1256 certaverant,
1221 1216 1364 1257 singulas
1390 1227 1442 1257 po-

169 1272 307 1301 suerant.
345 1281 420 1301 nam
445 1270 643 1301 contrarium
668 1272 717 1301 est
740 1280 895 1301 numero
920 1269 1010 1300 deus
1035 1269 1170 1310 inpare
1195 1270 1344 1311 gaudet.
1386 1270 1444 1301 alii

168 1326 268 1355 tamen
292 1324 397 1355 dicunt
419 1334 439 1355 a
464 1323 614 1356 Cloantho
638 1333 698 1355 esse
715 1324 848 1364 positas,
871 1324 925 1363 qui
942 1324 1131 1363 promiserat
1152 1333 1247 1363 supra
1272 1323 1389 1364 (235)

239 1432 271 1455 21
291 1429 417 1464 numero]
437 1429 499 1455 buc.
519 1429 583 1455 VIII
603 1431 634 1455 75

240 1531 252 1554 1
274 1527 369 1562 suave]
390 1527 448 1553 siue
470 1528 519 1553 Ml
537 1529 546 1560 ss
565 1530 580 1553 2
601 1536 676 1553 mare
698 1528 726 1553 F
751 1527 821 1554 mari
841 1537 872 1553 ea·
892 1536 967 1554 mare
988 1528 1012 1553 1.
1031 1529 1040 1561 Ι]
1058 1537 1190 1562 magnum
1212 1528 1240 1553 F
1257 1529 1265 1561 ΙΙ
1287 1531 1301 1553 5
1322 1538 1442 1554 νοινπνε

168 1564 200 1589 Η
219 1565 228 1598 ΙΙ
257 1563 450 1597 nauigauimus
470 1563 532 1588 LH
554 1565 563 1595 n
590 1563 766 1597 navigamus]
792 1563 871 1596 quasi
896 1563 1002 1590 inutilis
1023 1567 1050 1590 et
1069 1564 1215 1597 desperata
1234 1564 1270 1589 sit
1288 1564 1441 1597 navigatio,

167 1599 239 1626 sicut
257 1599 286 1624 111
305 1598 435 1624 Terentio
460 1601 530 1630 (eun.
554 1599 576 1624 V
597 1602 621 1630 3,
642 1602 668 1631 4)
690 1599 804 1625 ‘moveo
824 1601 853 1625 at
871 1599 941 1625 nihil
961 1599 1123 1633 promoves’
1146 1600 1207 1625 adet.
1229 1599 1257 1625 D
1284 1600 1293 1632 ΙΙ
1322 1602 1336 1625 6
1358 1609 1441 1625 amus

166 1635 249 1668 LHu
264 1643 343 1660 rma->1
363 1634 393 1660 Η
406 1634 415 1667 ΙΙ
430 1635 466 1659 ad
487 1643 507 1660 r.
525 1637 576 1661 630
598 1634 703 1661 Tiberii
722 1634 829 1660 Donati
847 1635 946 1660 scholio
965 1636 995 1660 in
1015 1644 1099 1669 marg.
1120 1636 1220 1668 scripto
1240 1635 1304 1661 haec
1323 1635 1385 1661 add.
1405 1635 1441 1660 T:

167 1672 195 1697 et
213 1670 369 1696 necessaria
394 1669 520 1696 antitesis
541 1671 590 1696 est.
629 1670 755 1696 antitesis
774 1672 868 1696 autem
888 1672 931 1696 est
950 1679 1010 1696 cum
1032 1671 1170 1697 contraria,
1189 1670 1334 1696 contrariis
1353 1679 1439 1703 oppo-

166 1706 268 1732 nuntur
286 1706 318 1731 ut
337 1705 527 1738 oportunitate
547 1705 694 1732 meliorum
714 1705 902 1739 praesentium
923 1706 1144 1732 consideratione
1164 1707 1221 1739 (Ity.
1243 1706 1440 1732 consideratio-

166 1742 225 1774 nes)
245 1742 435 1767 auerterentur
450 1750 466 1767 a
480 1740 580 1767 futuris
595 1741 709 1768 incertis
724 1741 795 1767 uude
812 1742 853 1767 est
868 1741 937 1767 illud
953 1743 1050 1768 contra
1065 1742 1167 1768 bonum
1184 1742 1287 1767 malum
1304 1742 1332 1768 et
1345 1745 1441 1768 contra

167 1777 271 1803 malum
294 1777 397 1803 bonum
426 1777 434 1810 ΙΙ
463 1780 476 1802 7
497 1777 620 1803 anthesis
640 1778 698 1810 (sie)
718 1778 879 1802 auertantur
902 1777 1014 1804 incertis
1035 1779 1065 1803 ut
1084 1777 1273 1811 oportunitate
1294 1777 1438 1804 meliorum

166 1812 353 1846 praesentium
373 1812 459 1838 animi
478 1820 494 1837 a
514 1813 619 1838 futures
635 1814 694 1845 (sie)
711 1812 741 1837 F
752 1814 761 1846 ΙΙ
776 1817 790 1838 9
811 1813 847 1838 ad
866 1821 958 1839 muros
978 1813 1068 1839 iacere
1087 1822 1162 1847 supr.
1177 1821 1242 1839 vers.
1259 1813 1441 1839 fundamenta

166 1848 232 1881 quia
250 1848 322 1874 muri
340 1848 451 1881 proprie
471 1847 601 1874 dicuntur
620 1848 682 1874 duci
701 1857 756 1874 non
777 1847 831 1874 iaci
848 1848 873 1873 T
885 1849 894 1881 ΙΙ
910 1852 940 1874 11
957 1858 1033 1874 mm
1050 1858 1202 1879 anviqvmu
1222 1850 1250 1875 et
1269 1849 1376 1881 reliqua
1390 1849 1420 1874 F
1432 1850 1441 1882 Ι,

167 1883 226 1918 qui]
247 1883 292 1910 cui
305 1883 337 1909 N
348 1884 358 1916 ss
374 1886 405 1908 1⁶3
425 1883 659 1916 quemadmodum
680 1905 685 1909 .
702 1906 707 1911 .
725 1904 729 1908 .
750 1883 873 1918 finxisse]
892 1885 1007 1916 fortasse
1025 1888 1085 1918 post
1104 1884 1338 1918 quemadmodum
1357 1885 1439 1910 inter-

166 1919 233 1945 cidit
251 1918 396 1945 Helenum.
426 1920 459 1950 cs.
481 1920 549 1945 Aen.
569 1919 607 1945 III
627 1922 678 1945 349
688 1928 741 1953 sqq.
762 1922 786 1945 et
809 1919 911 1945 Tiberii
930 1920 1037 1946 Donati
1055 1921 1191 1947 scholiam.
1221 1929 1277 1946 non
1295 1920 1439 1953 continget

166 1954 235 1981 mihi
254 1954 347 1980 videre
367 1954 482 1980 flumina
501 1957 589 1980 autem
609 1955 645 1981 ad
663 1955 887 1989 interroyationis
905 1957 1061 1982 sententium
1082 1956 1271 1989 explicandam
1291 1957 1438 1989 pertinent.

167 1991 258 2024 itaque
283 1990 332 2016 aut
354 1990 495 2016 delendum
519 1993 542 2015 et
566 2000 687 2020 uvsovsn
709 2012 712 2016 .
734 2013 739 2017 .
761 2011 766 2015 .
786 2000 883 2017 VIDEBO
907 1999 958 2024 pro
978 1992 1097 2018 lemmate
1117 1993 1287 2018 inserendum
1306 1992 1412 2018 ridetur
1431 1992 1439 2025 {1

166 2026 202 2052 ad
220 2034 244 2052 v.
256 2028 308 2051 634
327 2026 350 2051 is
369 2026 417 2059 qui
436 2026 584 2052 tironianis
603 2027 675 2052 notis
693 2034 758 2052 usus
778 2029 814 2052 est
833 2027 864 2052 in
882 2028 1005 2060 maryine
1028 2027 1192 2054 Turonensis
1209 2028 1274 2054 haec
1292 2028 1438 2060 adscripsit

167 2061 338 2094 Quicumque
358 2069 420 2087 suas
441 2061 519 2087 sedes
538 2064 703 2095 cogerentur
722 2061 876 2095 relinquere
896 2064 924 2089 et
943 2063 977 2088 ad
993 2063 1048 2089 alia
1068 2063 1129 2089 loca
1143 2063 1262 2090 transire
1277 2063 1437 2089 ciuitatibus

165 2105 233 2130 quas
260 2097 357 2130 postea
380 2096 565 2122 aedificabant
589 2098 616 2123 et
639 2097 797 2123 fluminibus
821 2107 891 2130 quae
911 2098 1091 2131 possidebant
1110 2099 1222 2125 nomina
1240 2099 1349 2125 urbium
1369 2107 1437 2131 quas

166 2132 336 2166 reliquerant
359 2133 387 2157 et
411 2131 495 2158 etiam
519 2132 662 2158 fluminum
692 2133 819 2159 solebant
846 2132 996 2167 imponere.
1033 2134 1096 2160 ideo
1120 2135 1188 2160 dicit
1214 2134 1324 2160 moenia
1349 2134 1437 2160 troiae

165 2173 194 2194 et
213 2169 339 2194 sanctum
360 2168 419 2201 (sic)
439 2168 468 2193 et
491 2167 634 2194 simoenta.
659 2170 668 2201 ΙΙ
694 2171 725 2194 14
743 2169 871 2195 scholium
892 2170 928 2195 ad
946 2169 1080 2195 infaustas
1100 2178 1149 2197 om.
1168 2170 1215 2196 F¹,
1248 2173 1279 2195 15
1299 2170 1438 2196 debebant

164 2204 196 2229 N
199 2203 263 2229 LH
268 2204 304 2229 M
308 2213 315 2228 .·
336 2203 489 2229 debuerant
508 2203 537 2228 F
557 2204 567 2237 Η
592 2207 622 2229 17
644 2204 805 2230 Servianum
825 2205 861 2230 ad
880 2213 901 2230 1⁷.
923 2208 974 2231 638
993 2206 1119 2231 scholium
1141 2214 1189 2232 om.
1206 2205 1241 2231 F.
1270 2214 1319 2231 ree.
1341 2214 1437 2231 manus

165 2240 195 2265 in
209 2247 293 2272 mary.
314 2239 461 2272 adscripsit
480 2240 510 2264 ut
528 2239 710 2265 incendantur
730 2247 821 2274 naues.
837 2241 845 2273 ΙΙ
860 2239 887 2265 1(1
908 2240 962 2275 est]
981 2240 1054 2266 idem
1070 2242 1102 2266 N
1116 2241 1178 2267 idus
1194 2241 1226 2266 H
1236 2242 1245 2274 Η
1260 2244 1293 2266 20
1313 2240 1435 2274 singulos

166 2276 315 2308 posuerunt
333 2274 363 2300 F
375 2276 384 2307 ΙΙ
405 2277 436 2300 21
458 2273 506 2300 alii
587 2274 753 2308 promiserat
772 2284 869 2301 >manus
884 2277 992 2309 primae
1006 2285 1092 2310 prope
1111 2277 1231 2310 aequalis
1250 2277 1281 2302 in
1299 2277 1436 2310 superiore

164 2311 285 2344 margine
306 2310 482 2336 Monacensis
501 2310 659 2343 adscripsit,
679 2310 727 2336 alii
744 2331 764 2336 ..
779 2332 783 2336 .
799 2320 882 2345 supra
901 2312 985 2338 edidit
1005 2313 1158 2345 Stephanus
1172 2314 1181 2346 ΙΙ
1200 2315 1232 2338 22
1253 2311 1362 2338 cloanto
1379 2312 1414 2338 M
1427 2312 1435 2345 11

165 2345 212 2379 qui
227 2345 268 2371 F:
288 2345 354 2379 quia
374 2346 409 2371 M
436 2353 504 2379 quas
524 2345 677 2379 Stephanus
691 2347 699 2379 ΙΙ
721 2346 815 2381 supra]
837 2354 865 2372 se
885 2347 1014 2374 daturum
1033 2348 1183 2374 Fabricius

1469 417 1485 439 5

1469 685 1500 708 10

1468 952 1498 975 15

1463 1221 1497 1243 20
