1690 2611
513 101 624 129 COMM.
645 101 683 127 IN
702 100 810 127 VERG.
830 101 913 129 AEN.
934 102 967 128 ΙΙ,
989 105 1137 129 608-616.
1397 103 1462 135 309

184 183 239 214 sed
262 183 440 216 novitatem
465 182 653 223 adfectavit,
680 181 770 213 nulla
793 183 929 222 cogente
953 183 1155 215 necessitate.
1202 195 1278 215 sane
1302 185 1336 215 in
1359 185 1462 216 nomi-

182 236 292 276 nibus,
323 248 404 278 quae
433 239 466 269 et
492 236 624 278 propria
653 245 722 267 esse
749 237 887 275 possunt
917 237 950 266 et
979 236 1189 276 appellativa,
1223 239 1257 268 ut
1285 236 1461 268 ‘liberalis'

183 289 283 320 <felix'
304 289 495 331 ‘iuvenalis',
515 289 676 321 ablativus
692 299 711 319 a
725 288 857 329 proprio
877 288 910 319 in
930 287 970 319 ee>
992 289 1070 329 exit,
1091 290 1130 320 ab
1148 290 1343 330 appellativo
1364 290 1398 321 in
1417 290 1461 322 τ1’.

271 343 345 375 611.
383 356 490 379 amur
508 343 649 383 concutit,
673 344 833 373 conmovct.
1435 332 1443 339 ²

271 397 344 428 612.
382 409 452 429 navo
466 409 572 428 scmus
586 408 760 428 mmmmm
775 408 883 427 PORTAS
904 396 1031 436 quidam
1056 397 1120 427 ideo
1139 396 1292 428 Iunonem
1314 397 1371 429 lias
1390 408 1460 437 por-
1479 404 1494 427 5

182 452 229 482 tas
256 451 386 482 tenuisse
413 451 578 490 accipiunt,
606 450 680 490 quia
708 460 774 480 eam
801 449 939 488 fatorum
967 449 1130 480 arbitrium
1158 450 1276 490 volunt,
1305 453 1333 482 ct
1357 451 1460 490 fatum

178 504 242 543 fuit
272 504 315 535 ad
344 504 471 535 evitium
505 502 615 534 Troiae
645 513 703 543 per
734 502 790 534 lias
820 505 930 542 portas
962 513 1071 542 equum
1101 503 1262 534 introduci.
1354 517 1461 536 ,sc-„istis

175 558 304 597 priscas.
394 565 597 588 SAEVISSIMA
622 567 701 597 quae
726 559 758 587 et
781 556 893 597 fugam
916 556 1057 587 vetabat.

270 610 343 641 613.
380 618 507 642 SOCIVM
532 609 594 640 sibi
618 609 779 641 devotum.
870 617 1003 640 FVRENS
1028 609 1181 641 irascens.

269 663 342 695 614.
379 675 515 694 acci-acm
543 663 578 694 id
603 665 647 694 est
673 664 810 700 armata,
837 663 911 702 quia
939 663 1008 702 ipsa
1036 665 1079 694 cst
1106 662 1235 704 Curitis,
1268 667 1296 695 ct
1322 664 1377 695 sub
1405 664 1458 696 lioc
1479 670 1510 693 10

179 717 301 748 nominc
323 717 447 747 interest
464 716 567 753 bellis;
590 726 665 747 nam
684 717 748 747 idco
768 715 804 755 <1
822 716 883 756 16>
906 716 964 747 liic
988 717 999 747 i
1006 717 1096 748 llius
1119 727 1223 748 arma
1245 717 1303 748 hic
1326 728 1458 750 currus

177 770 260 809 fuit.
308 769 472 802 ‘accincta'
503 770 585 801 enim
616 769 712 809 eferro
739 769 889 810 armata’,
918 772 955 801 *ut
982 769 1048 810 <XI
1071 771 1157 810 486>
1186 771 1350 811 cinyitur
1382 772 1458 812 ipse

176 824 307 863 furens
330 823 498 854 certatim
521 823 559 854 in
577 823 727 863 proclia
752 823 908 854 Turnus.

268 875 340 908 615.
377 889 435 908 [ΑΜ
448 879 622 917 practerea,
651 879 686 907 ut
708 877 780 907 iam
804 887 894 916 quac
917 877 1120 908 seminibus
1143 878 1254 908 iactis
1277 888 1312 909 sc
1334 880 1454 909 sustu-

177 931 223 962 lit
245 930 361 961 arbos.
450 942 541 961 ,mors
563 930 701 961 ordinem
725 930 838 961 tenuit:
861 931 1003 970 primum
1027 930 1163 971 emuros’,
1191 931 1298 962 deinde
1321 930 1456 971 τρονΐαέ,
1478 937 1509 960 15

170 986 243 1023 post
269 982 400 1020 εανοεεζ·
432 993 452 1014 a
475 984 573 1014 muris
601 983 682 1014 enim
712 984 744 1014 [n
771 993 872 1014 arcem
899 985 1112 1016 convertendus
1139 987 1183 1016 cst
1204 986 1284 1015 totus
1314 985 1456 1024 impetus,-

176 1037 210 1068 ob
233 1035 288 1067 hoc
310 1038 411 1067 autern
436 1035 541 1067 ‘arces'
565 1036 728 1067 Illiuerrae
749 1037 878 1077 dantur,
908 1037 990 1076 quod
1016 1038 1084 1077 ipsa
1109 1039 1151 1069 sit
1173 1038 1327 1068 incentrice
1350 1038 1456 1078 acdifi-

176 1091 306 1130 ciorum,
336 1091 371 1120 ut
397 1089 529 1120 Pallas
558 1100 648 1129 quas
677 1090 844 1121 condidit
871 1100 986 1129 arces,
1017 1093 1045 1122 ct
1072 1092 1147 1131 quia
1174 1101 1296 1122 summa
1323 1102 1457 1131 quaeque

169 1143 307 1183 possidet
335 1143 496 1182 sapientia.
536 1145 697 1182 praeterea
730 1143 763 1173 in
796 1144 893 1183 capite
926 1154 986 1175 esse
1017 1145 1146 1182 (licitur;
1180 1145 1291 1176 idcirco
1324 1145 1456 1176 creditur

169 1196 273 1236 patris
296 1195 382 1226 Iovis
404 1196 501 1236 capite
521 1199 673 1236 (senerata.
765 1205 935 1228 TRITONIA
958 1206 1089 1229 PALLAS
1114 1198 1291 1229 notandum
1314 1197 1376 1229 duo
1401 1210 1454 1230 an—
1475 1204 1508 1227 20

169 1240 379 1280 *tonomasiva
402 1252 475 1280 suut
497 1249 566 1280 sine
588 1250 719 1290 proprio
739 1251 870 1281 nomine.
908 1253 940 1281 et
959 1253 1008 1282 est
1032 1251 1150 1282 nimiae
1173 1251 1358 1283 iracundiae
1383 1263 1454 1283 cum

175 1302 307 1342 dicitur,
340 1313 536 1344 quamquam
568 1303 653 1334 irata
684 1303 727 1334 sit
757 1303 900 1344 Graecis,
932 1315 1134 1345 nequaquam
1166 1306 1275 1336 tamen
1304 1304 1454 1336 Troianis

174 1366 318 1397 parcere3
342 1356 419 1387 licet-
442 1356 476 1386 in
498 1355 636 1387 historia
660 1356 779 1387 lectum
805 1356 860 1397 sit,
884 1356 1106 1389 vehementius
1127 1358 1245 1389 iratam
1264 1358 1454 1399 Minervam,

176 1408 261 1450 quod
278 1411 353 1449 post
368 1409 535 1440 victoriam
556 1409 585 1440 ei
605 1409 784 1440 sacrificare
804 1410 979 1451 noluerint,
999 1414 1035 1442 ut
1049 1410 1206 1442 Horatius
1227 1422 1307 1442 cum
1322 1411 1452 1443 Pallas

174 1464 261 1493 usto
286 1462 407 1493 vertit
431 1462 525 1493 iram
550 1462 594 1493 ab
619 1462 695 1493 Ilio
720 1463 758 1493 111
786 1463 930 1504 inpiam
954 1463 1087 1496 Aiacis
1116 1466 1245 1496 ratem.
1336 1478 1455 1497 RESPICE
1472 1470 1505 1494 25

173 1516 297 1547 (licendo
317 1515 448 1555 ‘respice’
469 1516 608 1553 ostendit,
627 1526 693 1547 vere
714 1516 777 1547 iam
796 1516 957 1556 caliyc'nem.
972 1517 1009 1548 ab
1024 1517 1119 1548 oculis
1133 1518 1197 1549 cius
1212 1528 1272 1549 esse
1290 1518 1452 1550 sublatam.

264 1569 337 1600 616.
374 1582 492 1601 ω’.ςΕωΤ
513 1570 586 1600 adeo
616 1570 710 1606 irata,
738 1572 773 1600 ut
798 1572 869 1600 aute
896 1570 1078 1601 sacerdotem
1102 1571 1146 1602 ibi·
1169 1569 1379 1603 Cassandram
1403 1573 1452 1603 (le-

245 1650 278 1673 14
296 1647 364 1682 iam]
385 1656 478 1682 georg.
500 1648 523 1674 II
540 1650 572 1674 57
587 1649 596 1681 ΙΙ
612 1651 643 1674 18
664 1647 770 1682 Panas]
790 1648 851 1674 buc.
872 1648 897 1673 II
913 1651 943 1675 61
960 1649 1017 1682 1124
1037 1649 1182 1684 Horatius]
1204 1649 1283 1683 epod.
1304 1650 1328 1675 X
1350 1653 1380 1676 13
1391 1660 1450 1684 sqq.

245 1722 258 1744 1
280 1718 443 1753 adfectavit]
464 1718 634 1745 desideravit
653 1719 682 1744 E
699 1720 721 1752 (i
741 1719 885 1745 affectauit
903 1727 1034 1753 superscr.
1053 1721 1075 1751 e)
1094 1721 1103 1753 ΙΙ
1123 1720 1251 1755 cogente]
1272 1722 1373 1754 agente
1393 1721 1427 1747 H
1441 1722 1450 1746 1

174 1758 189 1780 3
209 1754 244 1780 ab
263 1754 447 1788 appellativo]
469 1754 593 1781 ablatiuo
609 1754 634 1780 L
653 1755 699 1787 (ab
714 1754 887 1787 adpellatiuo
903 1755 921 1786 I)
941 1755 1095 1789 apellatiuo
1111 1756 1143 1781 H
1154 1758 1163 1789 Η
1177 1759 1194 1781 4
1213 1757 1249 1782 ad
1268 1765 1291 1782 v.
1308 1760 1448 1783 611-613

174 1789 283 1824 Quatit]
304 1790 438 1822 concutit,
459 1791 605 1816 eonmouet
623 1791 794 1823 (commouit).
834 1790 945 1825 Scaeas]
966 1791 1078 1824 priscas.
1112 1791 1228 1826 Furens]
1249 1792 1377 1818 irascens
1399 1792 1426 1817 P

176 1828 207 1851 10
227 1825 264 1851 ad
281 1833 306 1850 v.
326 1828 377 1852 614
396 1825 529 1852 Accincta
547 1825 690 1859 (aceintass
710 1825 738 1851 id
758 1827 801 1852 est
819 1827 938 1858 armata,
959 1827 1032 1860 quod
1050 1827 1113 1861 ipsa
1132 1828 1174 1852 est
1193 1827 1316 1860 curritis⁷
1342 1829 1373 1853 ut
1394 1828 1449 1854 ‘hic

173 1860 249 1886 illius
273 1868 362 1893 arma,
387 1861 433 1887 hic
457 1869 559 1887 currus.
582 1861 610 1886 P
637 1862 718 1894 (inter
736 1861 798 1894 ipsa
817 1864 841 1887 ct
860 1861 970 1888 curritis
990 1862 1093 1889 Daniel
1113 1864 1155 1889 est
1179 1864 1302 1889 omittens
1322 1863 1449 1889 lacunam

173 1896 320 1928 indicavit,
344 1905 425 1929 quam
444 1896 590 1930 Scioppius
615 1897 644 1922 in
663 1896 693 1922 F
695 1897 800 1923 uldensi
822 1898 864 1923 his
882 1898 1031 1930 suppletam
1057 1906 1110 1924 esse
1134 1899 1276 1924 adnotavit
1300 1898 1365 1932 quia
1389 1899 1450 1932 ipsa

175 1932 216 1957 est
235 1931 351 1957 eurrulis
371 1932 399 1957 et
417 1931 466 1957 sub
486 1932 539 1958 hoc
552 1931 664 1958 nomine
685 1953 690 1959 .
707 1953 712 1958 .
731 1954 736 1958 .
756 1932 785 1958 in
804 1933 910 1966 proelia
926 1933 1046 1965 Turnus,
1067 1942 1134 1967 quae
1151 1934 1330 1960 Commelinus
1340 1935 1450 1967 primus

173 1967 244 1999 falso
260 1969 323 1999 post
340 1966 480 1993 introduci
499 1968 558 2001 (lin.
580 1968 605 2000 7)
626 1968 783 2000 collocarit.)
798 1969 807 2000 l]
829 1967 929 1995 Curitis
947 1970 1053 2001 scripsi.
1087 1970 1121 2002 cf.
1141 1970 1177 1995 ad
1196 1970 1264 1995 Aen.
1286 1970 1296 1995 Ι
1317 1973 1345 1995 8:
1366 1970 1448 1996 curri-

173 2002 210 2028 tis
225 2002 252 2027 P
277 2002 394 2028 currulis
411 2002 433 2028 C
445 2004 453 2035 ΙΙ
470 2005 502 2028 14
517 2003 553 2028 ad
567 2011 590 2028 v.
607 2005 658 2028 615
677 2002 748 2037 Iam]
768 2004 925 2037 praeterea,
945 2005 977 2030 ut
998 2004 1065 2030 ‘iani
1085 2013 1156 2038 quae
1176 2005 1326 2031 seminibus
1345 2005 1447 2031 iactis'.

173 2037 270 2071 Arces]
294 2037 357 2063 ideo
376 2037 518 2064 Mineruae
538 2038 666 2064 dicuntur
690 2047 761 2071 esse,
785 2039 858 2072 quod
882 2039 945 2072 ipsa
968 2039 1004 2065 sit
1026 2040 1166 2066 inuentrix
1190 2040 1393 2073 aedificiorum,
1417 2043 1449 2066 ut

175 2072 280 2099 ‘Pallas
300 2081 367 2106 quas
387 2073 511 2099 condidit
530 2074 625 2099 arces’.
658 2073 784 2100 Tritonia
802 2074 909 2109 Pallas]
930 2075 984 2101 duo
1005 2075 1217 2102 antonomasiua
1237 2076 1447 2109 (antenomosia)

174 2109 239 2134 sunt
258 2108 316 2134 sine
335 2109 447 2142 proprio
466 2108 584 2135 nomine.
602 2109 648 2142 Pss
663 2111 696 2135 20
716 2109 909 2136 antonomasia
928 2110 953 2135 L
972 2111 1195 2142 (antonomasiae.
1214 2112 1232 2143 l)
1247 2113 1256 2144 u
1276 2114 1307 2137 22
1328 2120 1448 2144 nequam

172 2143 198 2169 L
217 2145 296 2176 (corr.
316 2144 334 2177 l)
349 2145 358 2176 H
373 2147 406 2169 ‘24
426 2144 499 2177 quod
518 2144 544 2170 ei
563 2146 627 2178 post
645 2144 792 2170 uictoriam
812 2145 966 2171 sacrificare
988 2146 1024 2171 M
1036 2147 1045 2179 ΙΙ
1059 2146 1179 2173 noluerit
1198 2147 1231 2172 H
1257 2147 1397 2173 noluerint
1416 2156 1448 2173 ea:

172 2179 322 2205 noluerunt
340 2179 370 2204 E
387 2181 395 2213 ΙΙ
417 2182 449 2205 25
468 2179 551 2213 iram]
572 2188 649 2206 aram
668 2180 720 2213 ΗΙΙ
739 2180 802 2214 1110]
823 2180 871 2206 1110
891 2181 924 2206 H
940 2182 949 2214 ΙΙ
967 2181 1036 2207 iacis
1055 2184 1143 2208 ratam
1164 2182 1197 2207 H
1212 2184 1220 2215 ΙΙ
1243 2185 1276 2208 27
1297 2183 1334 2208 acl
1352 2191 1376 2208 v.
1397 2186 1446 2209 616

173 2214 276 2240 Ν11111)ο
305 2215 452 2249 effulgens]
480 2215 552 2240 nube
582 2215 684 2241 diuina.
728 2216 770 2241 est
797 2215 871 2241 enim
899 2215 1225 2250 fu1gidum'(fu1uidum)
1253 2218 1359 2250 lumen,
1393 2226 1446 2250 quo

174 2249 288 2276 deorum
313 2250 407 2284 capita
435 2251 583 2284 cinguntur
611 2250 784 2284 (tinguntur).
823 2251 872 2276 alii
893 2251 1010 2278 ‘limbo'
1037 2253 1098 2286 (sub
1117 2252 1245 2286 limbum)
1269 2253 1391 2287 legunt.
1413 2273 1418 2278 .
1440 2274 1444 2279 .

173 2286 258 2312 ueste.
296 2285 332 2311 Et
351 2287 419 2319 (aut)
439 2285 566 2320 Gorgone
587 2286 682 2320 saeua]
703 2287 752 2312 aut
770 2286 853 2312 etiam
875 2309 880 2313 .
902 2308 908 2312 .
928 2308 934 2313 .
954 2288 1134 2315 mutarentur.
1173 2297 1289 2322 quarum
1307 2289 1445 2321 (quorum)

173 2320 267 2354 capita
286 2320 411 2347 Minerua
430 2321 531 2348 dicitur
550 2323 708 2355 amputasse
727 2330 760 2348 ac
780 2330 828 2349 suo
848 2322 973 2349 adfixisse
992 2323 1100 2357 pectori
1118 2325 1260 2358 (pectore).
1281 2323 1308 2349 P
