1690 2611
470 123 582 150 COMM.
602 123 642 149 IN
661 123 768 149 VERG.
788 122 871 149 AEN.
892 123 938 149 III.
959 125 1106 149 249—265.
1358 122 1420 154 387

148 214 271 237 CAEDIS
296 205 422 245 quidam
447 204 628 236 ‘iniuriam’
647 215 707 245 pro
732 203 930 236 ‘vindictam'
954 206 1116 245 accipiunt.
1154 207 1182 236 et
1204 205 1336 245 harpyia
1360 205 1424 236 ista

147 259 316 289 mentitur:
340 270 415 290 nam
439 259 598 290 inminens
623 258 772 290 Troianis
796 258 908 289 fatalis
934 260 982 289 est
1006 259 1117 290 fames.

236 313 309 343 257.
347 321 504 344 AMBESAS
528 312 668 354 undique
693 323 778 353 esas,
806 312 867 343 hoc
898 314 946 343 est
973 313 1143 343 rotundas:
1174 312 1312 343 maiores
1338 312 1422 343 enim

146 366 244 396 nostri
266 365 325 396 has
349 376 469 397 mamas
492 365 656 396 habebant
679 366 713 396 in
736 364 859 396 honore
884 365 1029 406 deorum,
1054 366 1196 406 panicias
1223 366 1355 397 scilicet.

236 419 308 450 258.
346 427 494 450 REFVGIT
519 429 584 450 non
612 419 714 449 metu:
746 429 803 449 nec
832 418 916 449 enim
946 418 1148 449 minantibus
1178 418 1339 449 convenit:
1369 418 1423 449 sed

146 483 186 504 ne
211 474 321 513 posset
343 475 452 513 royatu
475 472 606 513 placari.

237 526 309 557 259.
348 538 474 557 GELIDVS
495 538 637 557 DERIGVIT
658 526 692 556 id
713 527 756 556 est
775 525 894 565 yelidus
916 526 1017 564 fuctus
1040 525 1179 565 derigserz't.

236 579 310 610 260.
347 581 415 610 NEC
438 587 500 609 IAM
530 587 680 609 AMPLIVS
710 587 813 610 ARMIS
844 579 998 610 subaudis
1027 578 1095 609 ‘usi
1120 577 1224 618 sunt’3
1252 589 1311 608 nec
1340 578 1424 608 enim

146 634 255 673 potest
279 643 347 663 esse
373 632 412 663 ab
437 632 644 663 inferioribus
669 642 818 673 zeugma,
848 632 932 673 quod
961 633 1150 673 plerumque
1174 632 1224 672 fit,
1254 633 1290 662 ut
1315 631 1344 662 ei
1367 642 1423 671 per

147 685 255 716 omnia
278 696 359 716 unus
384 695 488 716 sermo
514 684 666 725 sufficiat,
696 686 732 715 ut
756 684 862 725 <359>
887 684 1121 726 Troiugena,
1152 685 1345 725 interpres
1370 684 1423 714 di-

145 749 242 779 vum,
274 738 337 779 qui
360 738 517 769 numina
540 737 700 778 Phoebi,
731 738 793 778 qui
818 738 1008 779 tripodas,
1039 737 1161 769 Clarii
1185 738 1331 778 laurus,
1361 737 1424 778 qui

146 791 274 822 sidera
297 791 412 823 sentis
436 802 491 832 per
516 791 625 822 omnia
649 790 782 822 ‘sentis’
807 790 982 831 intellegis.
1025 791 1215 832 plerumque
1240 790 1326 822 aliud
1352 790 1423 821 sub-

147 844 290 885 auditur,
315 846 350 875 ut
373 844 433 875 hoc
458 844 542 885 loco,
567 844 646 874 item
671 843 754 883 <XII
779 844 864 884 435>
889 844 1007 884 disce,
1036 856 1140 885 puer,
1170 844 1355 875 virtutem
1380 855 1422 875 ex

146 908 200 928 me
233 909 438 938 verumque
471 898 659 938 laborem,
692 897 888 928 fortunam
922 908 963 928 ex
995 897 1085 928 aliis
1115 897 1269 929 subaudis
1299 896 1424 939 ‘opta’3

144 962 220 982 nam
244 950 375 981 fortuna
399 961 437 981 ex
462 951 535 981 aliis
560 962 624 981 uon
649 950 791 982 discitur.

234 1004 307 1035 261.
346 1012 411 1035 SED
427 1012 529 1035 VOTIS
547 1012 786 1040 PRECIBVSQVE
806 1003 922 1044 duplici
944 1004 1069 1035 ratione
1091 1004 1261 1044 placantur
1280 1004 1420 1044 numina,

1445 691 1476 713 10

1445 957 1475 980 15

146 1059 202 1088 aut
226 1057 310 1088 votis
331 1059 387 1088 aut
406 1057 567 1098 precibus:
592 1057 674 1088 unde
695 1059 744 1088 est
764 1057 870 1097 <437>
891 1057 1049 1088 Iunonis
1075 1067 1236 1098 magnae
1260 1057 1424 1097 primum
1467 1068 1470 1069 ⁷

145 1121 256 1151 prece
276 1121 413 1142 numen
433 1110 560 1151 adora,
580 1110 717 1141 Iunoni
738 1121 828 1141 cane
849 1112 938 1141 vota
957 1110 1096 1141 libens.
1155 1119 1287 1141 IVBENT
1302 1111 1424 1151 volunt,

145 1166 182 1194 ut
206 1163 259 1203 <11
279 1164 319 1204 3>
344 1163 541 1195 infandum
567 1164 703 1205 regina
731 1163 840 1194 iubes
869 1174 1057 1194 renovare
1086 1163 1266 1194 dolorem.
1315 1164 1423 1195 Teren-

146 1217 207 1248 tius
230 1217 268 1248 iu
279 1217 337 1248 beo
361 1216 588 1249 Chremetem.

234 1270 307 1301 262.
346 1279 421 1301 SIVE
441 1279 535 1301 DEAE
556 1270 632 1311 quia
652 1271 806 1302 divinant.
875 1279 1126 1308 OBSCENAEQVE
1143 1279 1323 1302 vonvcmzs
1349 1271 1425 1312 quia

144 1323 178 1354 in
210 1323 261 1354 his
289 1323 410 1355 ventris
440 1324 614 1355 cernebant
648 1324 838 1364 proluviem.
885 1324 966 1355 bene
1001 1326 1122 1364 autem,
1157 1323 1254 1354 etiam
1290 1324 1317 1354 si
1351 1335 1424 1355 aves

147 1378 236 1417 sunt,
261 1387 313 1407 eas
338 1377 416 1408 dicit
440 1377 613 1418 placandas
638 1379 770 1418 propter
794 1377 936 1418 pessima
961 1377 1077 1408 omina.

236 1430 308 1461 263.
347 1439 461 1461 PASSls
486 1431 608 1472 apertis,
633 1430 758 1461 solutis.

236 1483 309 1514 264.
348 1492 484 1514 NVMINA
513 1492 633 1514 MAGNA
661 1483 714 1515 hoe
741 1486 784 1515 est
810 1483 918 1514 Iovem
947 1483 1128 1515 Minervam
1153 1483 1349 1515 Mercurium
1380 1495 1425 1515 se·
1444 1495 1458 1514 ι

146 1536 284 1567 cundum
301 1535 541 1578 Samothracas,
561 1537 693 1577 11κ12>
706 1537 908 1577 penatibus
927 1540 958 1568 et
976 1537 1119 1577 maym's
1138 1538 1221 1568 diis.
1258 1538 1304 1568 <ita
1323 1540 1425 1568 autem

148 1590 279 1630 invocat,
304 1592 339 1621 w}
362 1589 508 1630 ‘mamm'
532 1591 623 1622 dicat.
708 1598 858 1621 MERITOS
884 1601 1058 1631 congruos,
1082 1590 1116 1620 id
1141 1592 1190 1621 est
1214 1591 1423 1631 expiatorios:

147 1643 230 1674 unde
255 1643 399 1684 sequitur
424 1643 472 1674 ‘di
496 1643 665 1684 prohibete
690 1643 819 1674 minas’.
919 1656 1032 1675 lxmam
1057 1654 1213 1675 sacrormn
1242 1644 1327 1674 verbo
1350 1654 1424 1675 »115113

150 1699 207 1734 est;
231 1707 305 1727 nam
328 1697 562 1736 smaplicationes
585 1699 613 1728 et
635 1698 698 1728 dies
719 1697 790 1736 festi
812 1697 908 1727 indici
931 1696 1117 1727 dicebantur.

242 1750 315 1781 265.
353 1763 399 1781 DII
411 1763 574 1783 PROHIBETE
587 1763 678 1782 MINAS
699 1750 752 1781 hoc
777 1760 831 1789 per
855 1751 980 1789 speciem
1003 1750 1182 1790 auqurctlem
1205 1761 1282 1789 qnae
1305 1751 1425 1781 invoca-

152 1803 193 1833 tio
218 1803 391 1843 appellatur
414 1814 476 1835 nou
499 1804 579 1835 nulli
607 1804 720 1835 dictum
742 1805 866 1843 putant.
912 1803 1061 1834 invocatio
1087 1806 1189 1834 aufem
1216 1806 1260 1834 est
1282 1805 1424 1845 precatio,

220 1920 251 1943 19
272 1917 431 1951 Terentius]
451 1917 536 1945 Andr.
556 1917 596 1943 ΙΙΙ
617 1921 640 1951 3,
662 1921 675 1943 1

223 2026 237 2048 2
259 2024 300 2049 est
319 2022 400 2049 famis
420 2023 514 2049 fatalis
533 2023 591 2049 FO
614 2024 695 2049 hesas
716 2023 772 2049 FC
791 2025 799 2057 11
824 2027 839 2049 4
859 2023 946 2050 nostri
967 2026 989 2049 et
1009 2032 1118 2049 mensas
1137 2024 1197 2050 hab.
1220 2024 1242 2049 Ο
1258 2025 1266 2057 11
1290 2024 1424 2050 honorem

152 2059 188 2084 M
201 2059 210 2092 11
230 2062 244 2085 5
266 2059 338 2085 enim
357 2067 406 2085 om.
428 2059 450 2084 C
462 2059 471 2091 11
491 2062 505 2084 6
525 2059 614 2092 possit
634 2059 690 2084 FO
702 2060 710 2091 11
729 2062 827 2092 rogata
848 2059 870 2085 C
882 2060 891 2092 11
907 2062 920 2085 7
941 2069 1062 2085 mmovrr
1083 2062 1105 2085 et
1125 2059 1240 2093 diriguit
1259 2059 1288 2084 F
1301 2061 1309 2092 11
1324 2060 1360 2085 ad
1379 2068 1423 2093 ge-

150 2094 224 2120 lidus
244 2094 366 2128 deriguit
385 2102 461 2127 supr.
481 2102 546 2120 rers.
566 2094 675 2127 gelidus
694 2094 785 2120 factus
807 2095 831 2119 Τ
853 2095 861 2127 11
886 2098 900 2120 9
921 2102 1019 2120 zeuma
1038 2095 1103 2120 libri
1123 2095 1132 2128 11
1154 2095 1196 2129 fit]
1217 2095 1272 2120 fuit
1291 2094 1347 2121 FO
1368 2097 1376 2127 11
1399 2095 1424 2120 ei

151 2129 298 2155 FGME:
318 2131 346 2155 et
364 2130 403 2162 H,
423 2138 472 2155 om.
493 2130 517 2154 L
531 2130 540 2162 11
559 2133 590 2155 11
612 2129 717 2156 Phoebi
739 2151 743 2155 .
766 2151 770 2155 .
792 2150 796 2155 .
818 2129 908 2155 sidera
928 2138 976 2155 om.
999 2130 1034 2155 M
1047 2131 1056 2163 11
1074 2129 1166 2156 lauros
1190 2130 1248 2155 FL
1262 2132 1270 2163 11
1288 2133 1318 2156 12
1339 2130 1424 2155 sentis

147 2165 208 2192 hab.
228 2164 270 2198 011
287 2168 317 2191 15
334 2173 366 2191 ex
385 2165 447 2190 aliis
467 2174 516 2190 om.
533 2165 620 2190 OHL
640 2165 712 2197 (eald
729 2165 747 2197 l>
762 2165 771 2197 11
787 2168 818 2191 18
833 2165 901 2190 item
922 2165 1019 2190 Iunoni
1037 2166 1116 2198 vulgo
1130 2166 1139 2199 11
1155 2168 1186 2191 19
1202 2166 1321 2191 terentio
1341 2165 1422 2191 iubeo

149 2202 300 2226 cremetum
321 2200 350 2226 F
367 2201 375 2233 11
395 2203 427 2226 23
448 2200 541 2226 omnia
559 2200 621 2225 LH
640 2168 747 2233 (omina>
761 2201 780 2233 I)
795 2201 804 2232 11
824 2203 858 2225 24
877 2200 974 2226 solutis
993 2200 1096 2233 apertis
1117 2202 1139 2227 C
1151 2202 1160 2234 11
1179 2204 1211 2226 25
1232 2201 1284 2227 hoc
1304 2202 1345 2226 est
1363 2201 1423 2226 hab.

150 2235 172 2261 O
188 2236 197 2269 11
218 2235 398 2270 Mercurium]
420 2237 448 2261 et
466 2244 537 2269 pepe
557 2236 619 2261 add.
639 2235 669 2260 F
684 2236 694 2269 11
715 2235 866 2261 secundum
887 2235 1081 2261 Samothracas
1101 2244 1150 2262 om
1171 2235 1228 2262 FC
1244 2237 1253 2269 11
1275 2239 1307 2261 28
1328 2236 1364 2261 ml
1383 2235 1423 2260 in-

148 2271 217 2297 dicit
240 2272 271 2297 in
294 2280 378 2305 maus.
408 2280 470 2297 cum
495 2271 563 2297 dicit
587 2270 685 2296 indicit
708 2279 848 2305 saelorum
870 2271 955 2297 uerbo
975 2279 1040 2296 usus
1060 2273 1103 2297 est
1121 2280 1186 2297 nam
1206 2271 1424 2331 supplicationes

148 2306 177 2332 et
195 2306 255 2332 dies
274 2306 340 2332 festi
359 2307 444 2333 indici
464 2306 636 2333 dicebantur.
656 2306 720 2332 inde
740 2299 861 2332 indictae
881 2306 965 2332 feriae
987 2306 1011 2331 T
1023 2307 1033 2341 11
1052 2310 1085 2332 30
1105 2307 1157 2333 hoc
1176 2316 1247 2341 per
1277 2306 1425 2340 .suscepta

147 2341 207 2368 hab.
228 2342 352 2368 Ambros.

1157 2389 1189 2412 25
1197 2387 1210 2402 *

1444 1224 1477 1247 20

1444 1758 1477 1781 30
