1690 2611
478 109 591 136 COMM.
610 109 650 135 IN
669 108 776 136 VERG.
797 108 879 134 AEN.
902 108 919 135 Ι.
942 112 1088 136 129—137.
1380 108 1422 140 59

234 191 306 223 135.
345 200 433 229 QVOS
453 200 522 223 EGO
548 189 656 223 deficit
679 191 740 222 hoc
764 190 835 221 loco
861 201 980 230 serm03
1005 192 1037 221 et
1057 200 1210 232 congrue,
1233 191 1325 232 quasi
1348 191 1424 222 irati

143 247 175 276 et
207 245 355 276 turbatae
389 244 521 285 mentis,
554 245 590 275 ut
619 243 698 274 alibi
726 254 780 274 1ne
810 254 878 283 nie,
907 243 1046 274 adsum.
1099 244 1249 275 similiter
1282 244 1425 285 incipit

143 297 272 338 effari,
306 297 506 338 mediaque
534 297 572 328 in
601 307 691 328 voce
719 296 885 327 resistit.
932 295 1103 327 Terentius
1133 308 1241 338 quem
1273 297 1424 339 quidem

143 361 212 393 ego
238 351 270 382 si
295 362 466 392 sensero,
491 350 555 381 sed
580 349 670 391 quid
695 361 788 390 opus
814 351 872 380 est
890 349 1044 380 verbis?
1068 349 1118 381 his
1139 351 1224 381 enim
1244 351 1423 383 adfectibus

142 406 270 436 tantum
285 405 443 436 sermonis
458 403 594 435 defectio
611 403 770 444 congruit.
862 415 933 438 Qros
952 401 1017 445 EGO]
1039 402 1249 435 sssubamlltm·
1264 404 1424 437 ‘ideiseczr'.

142 468 210 498 erqo
243 455 470 498 ἀποσιώπησις
498 460 552 498 est,
584 456 637 488 hoc
669 459 725 497 est,
759 459 793 487 ut
824 457 867 488 ad
893 457 992 487 alium
1022 466 1145 488 sensnm
1178 460 1326 496 trauseat,
1355 459 1424 501 ‘ideo

143 512 309 552 abmwtum
332 515 360 543 et
375 512 555 552 pendentem
579 511 709 550 reliquit.
751 513 779 541 et
802 511 1004 542 necessariam
1024 513 1094 550 post
1118 511 1177 542 tale
1199 511 1318 543 schema
1342 512 1423 544 ‘secl’

143 566 379 597 commotionem
395 566 491 606 sequi,
506 568 540 596 αι’
554 576 596 605 qu
604 575 772 605 amquam
792 575 820 601 o,
840 563 936 596 sedfl
1025 573 1090 596 SED
1110 573 1225 596 MOTOS
1246 574 1424 597 PRAESTAT

144 619 317 660 prudenter
341 619 423 660 agit3
448 619 521 659 plus
546 621 595 650 est
620 619 705 650 enim
724 618 948 649 innocentibus
969 629 1166 659 succurrere,
1191 630 1288 660 quam
1311 630 1424 651 nocen-

143 672 225 703 tium
249 672 366 703 delicta
389 672 511 713 punire.
602 681 780 704 PRAESTAT
806 672 921 703 melius
947 674 1010 712 est,
1035 674 1071 703 ut
1094 674 1272 713 praestat
1292 673 1424 704 Trina-

145 726 216 756 crii
240 727 360 757 metas
390 725 561 757 lustrare
584 725 766 766 Raehyni.
813 727 845 756 et
868 725 1027 756 notandus
1053 736 1167 757 sermo.
1213 737 1288 757 nam
1314 729 1345 758 et
1369 738 1426 767 per

144 790 177 810 se
201 779 316 819 plenus
347 781 409 820 est,
438 781 470 810 et
499 782 567 811 tam
597 779 780 810 accusativo
805 778 951 819 iungitur
975 789 1071 820 quam
1096 779 1242 820 septimo.
1290 779 1425 811 dicimus

144 833 229 864 enim
254 835 286 864 et
311 832 474 873 ‘praestat
498 832 605 864 illum’
630 835 662 864 et
687 832 848 873 ‘praestat
871 831 955 863 illo'.

236 886 306 917 136.
343 895 427 918 POST
452 895 531 917 nim
555 894 626 917 NON
651 894 760 916 snum
783 894 898 917 POENA
923 894 1095 917 COMMISSA
1120 895 1244 918 LVE'rls
1269 889 1325 918 aut
1349 886 1426 918 ‘non

145 940 243 970 simili
262 939 391 981 poena',
415 940 447 970 id
468 941 516 970 est
534 950 600 970 non
620 950 657 970 ea
677 950 740 980 qua
755 939 914 971 Troianos
939 939 1118 980 adfecistis,
1143 942 1198 971 aut
1218 942 1304 971 certe
1329 940 1426 972 ‘mihi

144 1004 209 1024 non
238 993 363 1035 simili',
398 993 430 1024 id
464 994 513 1024 est
545 992 753 1024 vehementer
786 993 879 1024 irato.
975 1006 1044 1025 POST
1061 1006 1131 1024 *nnn
1148 1006 1173 1025 Ν.
1189 1006 1210 1025 s.
1226 1006 1249 1025 Ρ.
1266 1007 1285 1025 c.
1301 995 1338 1033 ι]
1369 1005 1426 1034 pro

145 1047 221 1078 ‘non
245 1048 359 1087 inpune
382 1047 468 1077 eritis
485 1045 646 1086 postltac';
677 1057 757 1077 nunc
780 1047 861 1077 enim
886 1047 1005 1078 nnllam
1032 1057 1163 1086 poenam
1190 1048 1335 1084 sentiunt,
1366 1049 1427 1079 uisi

143 1100 222 1139 forte
245 1100 474 1141 obimyatiom's.
522 1099 744 1132 *‘eommissa’
768 1103 868 1131 autem
892 1100 941 1131 hic
959 1111 1018 1140 pro
1039 1099 1208 1140 peccatis.ss
1299 1110 1425 1133 LVETIS

144 1153 346 1194 persolvetis.
394 1155 426 1185 et
458 1154 510 1185 hic
544 1165 648 1185 sermo
679 1165 697 1185 a
724 1152 862 1194 'pecunia
890 1154 1068 1195 descendit3
1101 1154 1308 1196 antiquorum
1341 1155 1426 1186 enim

146 1218 256 1238 omnes
281 1218 403 1248 poenae
427 1207 632 1248 pecuniariae
656 1207 794 1238 fuerunt.

236 1261 307 1292 137.
344 1270 534 1292 MATVRATE
555 1269 675 1292 FVGAM
701 1272 773 1292 cum
797 1261 999 1301 maturitate,
1024 1261 1055 1292 id
1081 1264 1129 1293 est
1149 1273 1221 1293 cum
1246 1263 1427 1304 tranquilli-

144 1316 212 1346 tate
236 1314 404 1355 discedite,
429 1326 491 1356 quo
517 1315 610 1346 modo
636 1314 772 1345 dicimus
798 1314 942 1345 ‘matura
961 1314 1161 1346 iracundiam
1181 1315 1297 1356 tuain',
1320 1316 1353 1347 id
1377 1319 1427 1347 est

145 1368 275 1410 mitiga3
298 1367 515 1409 perniciosum
540 1368 624 1399 enim
645 1368 794 1399 Troianis
819 1370 881 1408 est,
906 1368 933 1399 si
955 1370 1118 1400 maturent
1142 1369 1267 1410 fugam,
1291 1369 1352 1401 hoc
1377 1371 1427 1401 est

146 1422 331 1453 accelerent.
377 1432 445 1462 eryo
470 1421 609 1462 ‘suanm’
633 1421 682 1453 hic
705 1424 824 1453 tantum
848 1422 1011 1453 discessum
1035 1423 1253 1462 accipiendum.

218 1530 231 1553 1
252 1527 346 1553 deficit
365 1536 387 1553 e.
408 1537 432 1560 q.
454 1527 487 1562 s.]
514 1527 546 1554 cf.
567 1528 635 1553 Don.
657 1527 693 1553 ad
713 1527 773 1554 Ter.
795 1536 855 1553 eun.
877 1528 887 1553 Ι
909 1531 932 1559 1,
952 1531 985 1553 20
1005 1529 1034 1554 et
1053 1528 1076 1554 V
1096 1531 1124 1561 8,
1145 1531 1187 1555 20.
1225 1528 1347 1556 Macrob.
1370 1530 1426 1555 Sat.

146 1563 183 1588 1V
198 1567 222 1595 G,
237 1566 271 1589 20
286 1564 294 1596 ΙΙ
309 1567 324 1589 2
340 1572 383 1589 me
399 1564 455 1597 me]
476 1564 508 1588 A.
524 1563 561 1588 IX
578 1566 628 1588 425
644 1563 652 1595 ΙΙ
667 1562 777 1596 incipit]
798 1563 829 1588 A.
848 1563 882 1588 IV
899 1566 931 1588 76
947 1565 955 1596 ΙΙ
970 1567 984 1589 3
1002 1563 1159 1598 Terentius]
1179 1564 1263 1590 Andr.
1286 1565 1297 1591 1
1314 1568 1337 1598 1,
1354 1568 1403 1591 137
1419 1566 1427 1599 l]

146 1601 160 1624 S
181 1599 361 1633 quamquam]
382 1599 414 1624 A.
434 1599 459 1624 V
479 1600 553 1631 19511
573 1601 605 1624 10
625 1598 762 1632 praestat]
784 1599 815 1624 A.
836 1599 873 1624 III
891 1600 966 1632 4291}
986 1602 1017 1625 21
1039 1608 1102 1626 011111
1121 1600 1284 1626 maturitate
1303 1608 1326 1627 e.
1347 1610 1372 1634 q.
1393 1602 1425 1635 s.]

146 1634 178 1660 cf.
199 1634 320 1661 Macrob.
342 1634 398 1660 Sat.
420 1634 457 1660 VI
477 1638 502 1667 S,
523 1637 536 1660 7
550 1643 607 1667 sqq.
629 1635 658 1660 et
677 1633 747 1661 Gen.
767 1634 791 1660 X
813 1637 843 1660 11

218 1735 230 1758 1
253 1733 289 1759 ad
303 1741 327 1760 v.
340 1735 389 1759 135
410 1732 484 1764 Quos
500 1732 563 1766 ego]
580 1732 675 1758 deficit
688 1732 741 1758 hoe
756 1732 818 1758 loco
834 1740 932 1758 sermo.
959 1734 987 1759 et
1002 1741 1135 1767 congrue3
1155 1742 1219 1760 nam
1235 1734 1282 1767 qui
1298 1733 1427 1760 irascitur

1446 684 1503 705 10*

1447 950 1513 973 15⁴

145 1768 274 1794 turbatae
293 1768 394 1794 mentis
418 1769 467 1796 est.
506 1768 670 1794 subauditur
695 1776 763 1801 quos
788 1776 840 1801 ego
860 1768 980 1794 ulciscar
1000 1790 1004 1794 .
1027 1790 1032 1795 .
1053 1789 1058 1793 .
1080 1770 1108 1795 et
1126 1770 1294 1803 pendentem
1314 1770 1428 1803 reliquit
1447 1796 1456 1803 ,

147 1803 297 1836 (reliquid).
339 1804 393 1830 Sed
412 1805 502 1830 motos
521 1804 656 1838 praestat]
686 1804 748 1837 plus
777 1805 820 1829 est
847 1803 921 1829 enim
944 1803 1138 1830 innocentibus
1162 1813 1319 1831 succurrere
1342 1815 1428 1839 quam

145 1839 305 1865 nocentium
328 1841 445 1873 peccata
468 1840 573 1873 punire.
614 1839 770 1873 ‘praestat’
797 1840 890 1866 autem
914 1839 1014 1866 melius
1039 1841 1087 1866 est.
1127 1842 1154 1866 et
1178 1841 1317 1867 notandus
1337 1850 1426 1868 sermo

147 1896 152 1900 .
174 1895 179 1900 .
200 1895 206 1900 .
229 1876 356 1908 praestat
378 1875 436 1901 illo.
463 1876 490 1901 P
521 1875 696 1907 (subanditur
721 1896 725 1901 .
748 1897 752 1901 .
775 1896 779 1901 .
804 1875 918 1908 reliquit
943 1876 1030 1902 eodem
1054 1876 1109 1902 Ioco
1133 1884 1185 1909 quo
1212 1877 1239 1902 P
1260 1877 1338 1903 habet
1363 1877 1400 1903 0*
1419 1878 1427 1911 Η

146 1909 227 1942 quasi
246 1931 251 1936 .
273 1931 279 1936 .
301 1931 306 1935 .
325 1910 437 1945 mentis]
463 1911 511 1944 qui
529 1910 659 1936 irascitur
677 1910 706 1936 id
726 1912 767 1937 est
784 1911 963 1944 perturbatae
982 1911 1084 1937 mentis
1104 1913 1147 1938 est
1165 1912 1192 1937 B
1222 1921 1288 1938 nam
1307 1912 1355 1946 qui
1374 1913 1426 1939 ira-

147 1945 233 1970 scitur
251 1945 380 1972 tnrbatae
398 1946 499 1972 mentis
518 1948 561 1972 est
581 1946 618 1972 Ο*
647 1946 727 1979 quasi
747 1946 834 1972 iratae
854 1947 883 1972 et
901 1947 1081 1980 perturbatae
1101 1948 1203 1974 mentis
1222 1949 1263 1974 est
1284 1949 1321 1974 M
1333 1950 1342 1982 ΙΙ
1361 1952 1376 1974 2
1397 1950 1428 1975 nt

147 1980 215 2007 alibi
235 2002 239 2007 .
261 2001 266 2006 .
289 2002 293 2006 .
318 1981 424 2007 resistit
442 1990 491 2007 om.
513 1982 535 2007 (3¹
554 1984 618 2015 post
641 1982 756 2015 reliquit
779 1982 882 2008 addens
906 1983 935 2008 et
957 1982 1113 2009 necessario
1138 2005 1142 2009 .
1165 2005 1170 2010 .
1192 2006 1196 2010 .
1222 1992 1391 2017 quamquam
1411 1993 1426 2010 ο

147 2016 202 2043 scd.
222 2017 231 2049 ΙΙ
250 2024 294 2042 me
313 2016 370 2050 me]
390 2024 463 2042 mern
482 2017 507 2043 K
535 2025 614 2043 mene
633 2017 659 2043 L
686 2017 777 2043 meine
797 2018 830 2043 H
845 2019 853 2050 ΙΙ
872 2017 1012 2052 similiter]
1033 2018 1101 2044 item
1121 2018 1189 2045 alibi
1209 2019 1293 2045 BMZ
1316 2020 1325 2053 ΙΙ
1349 2023 1364 2045 4
1384 2020 1427 2045 his

147 2051 220 2077 enim
237 2073 242 2077 .
259 2073 264 2077 .
281 2074 286 2078 .
304 2051 433 2085 congruit
447 2060 495 2078 om.
513 2052 535 2078 O
547 2053 556 2086 ss
571 2055 585 2077 7
601 2053 788 2079 necessarium
806 2054 918 2086 scripsi:
937 2054 1092 2080 necessario
1109 2054 1132 2080 C
1143 2056 1152 2088 ΙΙ
1167 2057 1182 2080 9
1197 2055 1268 2089 agit]
1289 2055 1330 2081 ait
1344 2055 1427 2088 LJNJ

149 2090 178 2112 11
195 2087 309 2120 pachini
329 2088 394 2113 libri
407 2088 416 2120 ΙΙ
431 2090 463 2113 12
478 2089 538 2113 tam
557 2088 717 2114 accusatiuo
733 2097 817 2122 quam
832 2089 951 2122 septimo
967 2089 1044 2115 casui
1058 2089 1183 2124 iungitur
1198 2090 1221 2115 L
1236 2092 1245 2124 ΙΙ
1266 2094 1297 2116 12
1312 2091 1427 2123 fortasse

145 2123 229 2148 tertio
249 2125 273 2148 ct
294 2126 325 2148 13
345 2124 469 2156 praestat
487 2123 537 2148 illi.
572 2124 605 2155 cf.
627 2124 700 2149 Serv.
721 2125 757 2149 ml
776 2124 844 2150 Aen.
865 2124 902 2149 XI
922 2127 973 2150 438
988 2126 997 2158 ΙΙ
1011 2125 1069 2151 illo.
1100 2125 1249 2152 commissa
1268 2127 1361 2152 autem
1382 2127 1427 2152 hic

146 2166 196 2191 pro
219 2158 342 2192 peccatis
363 2158 386 2184 O
407 2159 415 2191 ΙΙ
441 2161 472 2184 14
493 2159 529 2184 ad
548 2167 571 2184 υ.
590 2162 639 2184 136
660 2159 727 2185 Post
745 2159 813 2185 mihi
833 2168 889 2185 non
908 2160 992 2185 simili
1011 2161 1113 2195 poena]
1134 2161 1164 2187 id
1183 2162 1226 2187 est
1244 2170 1300 2188 non
1320 2170 1352 2188 ea
1371 2170 1427 2194 qua

147 2193 282 2220 Troianos
312 2193 452 2221 affecistis.
490 2194 543 2220 hoc
573 2193 647 2219 enim
672 2194 757 2220 simili
780 2203 871 2228 poena
899 2195 994 2227 luetis,
1024 2196 1151 2229 quamuis
1175 2197 1281 2223 nullam
1307 2206 1426 2231 poenam

148 2229 272 2255 sentiunt
289 2229 344 2255 nisi
368 2229 440 2256 forte
464 2229 667 2263 obiurgatione.
705 2230 811 2264 Luetis]
838 2231 1004 2263 persoluetis
1025 2252 1030 2257 .
1051 2253 1056 2258 .
1078 2253 1083 2258 .
1104 2232 1282 2265 pecuniariae
1306 2233 1424 2258 fuerunt.

149 2265 176 2290 P
188 2265 197 2297 ΙΙ
217 2267 248 2290 15
269 2273 325 2291 non
343 2265 413 2291 mihi
430 2264 456 2290 L
470 2266 479 2298 ΙΙ
495 2268 526 2290 1ss
547 2265 575 2290 id
595 2266 638 2291 est
655 2273 710 2291 non
730 2266 788 2291 tam
805 2266 985 2292 vehementer
1003 2266 1075 2293 irato
1095 2267 1269 2301 Fabricius„
1287 2268 1358 2294 irato
1378 2268 1427 2293 aut

147 2308 197 2333 pro
216 2308 272 2326 non
290 2301 403 2334 impune
424 2300 514 2334 01121
537 2301 573 2326 acl
591 2309 614 2326 r.
637 2303 685 2326 137
706 2301 844 2327 Maturate
864 2301 971 2336 fugam]
992 2310 1055 2328 cnm
1074 2303 1236 2330 maturitate
1257 2325 1262 2329 .
1284 2324 1289 2329 .
1310 2325 1315 2330 .
1335 2302 1365 2328 id
1384 2304 1427 2329 est

147 2335 254 2369 mitiga.
276 2335 303 2361 P
315 2337 324 2369 ΙΙ
338 2339 371 2362 23
391 2336 520 2370 mitigare
541 2336 601 2362 KL
619 2336 729 2370 (mitiga
748 2337 767 2369 l)
