1690 2611
508 83 621 110 COMM.
640 83 680 110 IN
699 83 806 110 VERG.
825 84 908 110 AEN.
929 85 975 112 IV.
995 88 1143 112 217—228.
1399 86 1464 117 505

275 163 348 195 223.
392 177 476 199 VADE.
496 178 554 196 AGE
576 166 707 206 sinynlis
729 165 826 197 verbis
848 168 876 197 et
898 166 1035 205 iubentis,
1055 170 1090 198 ut
1114 167 1234 205 ‘vade’;
1259 170 1287 199 et
1303 168 1464 201 hortantis,

185 219 221 247 nt
244 216 345 257 ‘aye';
370 221 399 249 et
421 219 612 260 blamiientis,
635 221 670 250 nt
693 218 794 250 <ncn‘e'
818 221 965 259 expressit
986 221 1148 259 adfeetzmz.
1222 230 1314 253 VOCA
1338 231 1463 252 ZEPHY-

186 279 251 302 Ros
281 273 337 303 aut
365 272 481 313 quibus
515 271 642 304 Aeneas
670 272 816 314 naviget:
850 273 932 304 unde
961 276 1010 304 est
1039 274 1147 314 <562>
1177 285 1244 305 nec
1273 275 1464 316 zephyros

189 323 297 356 audis
328 325 480 366 spirare
509 326 709 357 secundos:
743 328 798 357 aut
827 327 881 367 qui
909 327 1030 358 vehant
1057 327 1264 368 Mercurium,
1292 330 1328 359 ut
1357 328 1464 369 <257>

188 380 405 419 ventosque
430 379 601 420 secabat,
625 379 703 410 item
733 380 840 420 <241>
864 380 995 421 rapido
1024 381 1175 421 pariter
1199 392 1278 412 cum
1304 381 1464 413 flamine

187 433 355 471 portant.

275 485 348 516 224.
385 498 622 521 D.-1RDANIVMQ1'E
639 499 740 518 nvom!
761 487 833 518 ordo
861 489 905 518 est
937 486 1212 528 'Dardaniumque
1243 489 1347 520 ducem
1380 490 1463 520 adlo-

187 538 302 578 quere'.
392 548 495 570 TYRIA
520 548 744 571 CARTHAGINE
768 541 858 580 qnasi
880 540 1006 581 homini,
1036 542 1079 572 ita
1102 542 1218 572 eieitutc'
1242 542 1389 581 ‹Pitlceton
1407 554 1464 582 pa-

187 592 282 623 trium
305 593 393 623 dedit.
427 592 636 633 ‘Carthayine'
660 596 761 625 autem
784 605 842 635 pro
864 593 1092 636 ‘Carthagini’:
1118 597 1149 626 et
1172 606 1229 636 pro
1255 596 1406 627 adverbio
1431 597 1463 627 in

187 645 268 686 loco,
289 645 327 677 de
347 646 417 677 loco
441 646 560 687 posuit.
599 646 644 678 sic
658 646 814 678 Horatius
838 647 957 679 Roma
981 647 1099 679 Tibur
1124 659 1255 689 amem,
1280 652 1462 681 ventosus

186 698 328 730 Tibure
352 699 505 730 Romam
533 711 591 740 pro
617 699 762 731 ‘Tiburi’

273 752 346 783 225.
384 761 564 784 EXPECTAT
590 756 748 794 moratur,
773 754 889 785 deterit
919 757 1054 795 tempus.
1146 768 1204 787 sav
1223 769 1353 788 ansele-[T
1376 769 1464 788 I'RBES

185 815 246 837 non
269 806 387 847 eoyiz‘at,
411 816 480 837 cum
503 806 592 838 illum
615 817 730 838 necesse
751 808 792 839 sit
815 809 857 839 ad
878 808 1010 839 Italiam
1033 809 1187 849 naviyare.

273 859 348 890 226.
387 872 512 891 emmens
530 871 588 900 pro
613 860 719 892 ‘celer’
742 862 788 892 rel
812 861 983 894 ‘eeler2'te1·'.

273 912 346 944 227.
384 922 456 945 NON
481 922 589 945 ILLVM
614 923 715 946 NOBIS
739 913 820 946 κατὰ
844 913 880 947 τὸ
906 914 1123 957 σιωπώμενον
1148 916 1377 958 intellegimus.

185 974 432 997 PVLCHERRIMA
458 967 623 1008 epitheton
648 970 852 1010 perpetuum,
877 980 934 1001 nec
959 969 997 1000 ad
1027 980 1178 1010 praesens
1202 970 1367 1011 negotium
1392 981 1463 1011 per-

185 1020 301 1051 tineus.

272 1074 345 1105 228.
384 1082 588 1112 GRAIVMQVE
618 1084 700 1106 IDEO
731 1084 784 1107 Bls
808 1084 978 1106 VINDICAT
1010 1085 1114 1107 ARMIS
1150 1076 1206 1107 alii
1237 1076 1348 1108 dieunt
1379 1076 1461 1108 ‘bis'

185 1127 283 1158 semel
309 1138 327 1158 a
350 1127 516 1159 Diomedis
541 1128 699 1169 singulari
724 1129 910 1170 certamine,
941 1130 971 1161 in
1001 1140 1058 1170 quo
1088 1141 1108 1160 α
1131 1130 1278 1161 Diomede
1300 1141 1462 1170 percussus

186 1183 230 1211 est
251 1191 343 1212 sacco:
367 1181 528 1213 Iuvenalis
551 1181 632 1222 <XV
657 1182 719 1223 66>
742 1183 797 1214 vel
819 1194 886 1223 quo
912 1184 1072 1224 Tydides
1094 1185 1282 1223 percussit
1300 1186 1461 1224 pondere

183 1244 307 1265 coxam
335 1235 497 1266 Aeneae:
526 1240 557 1266 et
584 1235 662 1266 item
692 1236 725 1266 in
754 1236 890 1277 excidio,
925 1237 1008 1268 sicut
1037 1237 1176 1278 legimus
1206 1237 1261 1277 <II
1286 1238 1371 1279 632>
1399 1238 1460 1269 de-

183 1287 321 1319 scendo
347 1298 388 1318 ac
411 1288 572 1320 ducente
597 1289 664 1320 deo
689 1292 717 1320 et
736 1289 788 1329 <11
809 1290 894 1331 664>
918 1290 980 1322 hoc
1004 1293 1084 1322 erat
1105 1291 1204 1322 alma
1221 1302 1370 1331 parens.
1404 1293 1460 1323 alii

184 1341 294 1372 dicunt
333 1343 466 1382 propter
502 1341 668 1374 Diomedis
707 1345 739 1374 et
777 1343 913 1375 Achillis
951 1345 1127 1375 certamina
1165 1345 1350 1386 singularia.
1406 1346 1461 1377 sed

183 1395 310 1435 quando
335 1406 407 1426 cum
431 1395 559 1426 Achille
583 1396 758 1437 dimicavit,
784 1407 802 1427 a
825 1397 978 1438 Neptuno
1002 1398 1160 1429 liberatus
1185 1400 1250 1429 est:
1278 1401 1387 1439 potest
1415 1402 1460 1430 ta-

187 1459 260 1479 men
284 1448 346 1479 hoc
368 1459 426 1489 pro
451 1448 576 1479 Venere
600 1448 722 1480 factum
746 1449 861 1480 videri:
891 1451 935 1481 sic
963 1452 1044 1482 enim
1068 1451 1147 1483 Iuno
1177 1452 1317 1493 imputat
1341 1452 1460 1484 Veneri
1481 1462 1509 1473 -Γ

184 1501 269 1542 quod
302 1512 359 1542 pro
393 1513 430 1533 ea
463 1502 584 1533 factum
618 1505 666 1534 est
696 1503 797 1535 dicens
829 1503 878 1543 <X
904 1504 967 1544 83>
1001 1509 1038 1536 et
1074 1508 1187 1546 potes
1227 1506 1265 1536 in
1297 1506 1459 1538 totidem

184 1555 330 1586 classes
356 1558 581 1588 convertere
606 1557 802 1598 nymphas.
840 1559 948 1598 potest
968 1559 1066 1589 etiam
1090 1562 1118 1590 et
1141 1559 1224 1590 alter
1245 1570 1356 1591 sensus
1377 1571 1460 1591 esse:

184 1619 261 1639 nam
285 1608 381 1640 Troia
406 1612 501 1640 antea
525 1610 565 1640 ab
590 1609 742 1651 Hercule,
767 1611 821 1652 qui
846 1613 878 1642 et
907 1611 975 1652 ipse
1001 1611 1141 1644 Graecus
1170 1613 1244 1653 fuit,
1273 1615 1368 1654 capta
1397 1616 1459 1645 est:

183 1664 220 1693 ut
243 1662 471 1703 intellegamus
496 1663 560 1694 iam
585 1665 660 1694 tunc
684 1663 826 1695 Aeneam
850 1667 962 1696 natum
988 1665 1099 1697 fuisse:
1129 1677 1186 1697 nec
1211 1667 1296 1697 enim
1321 1667 1459 1698 multum

183 1718 310 1757 tempus
339 1716 503 1755 interfuit,
532 1728 604 1748 cum
633 1720 758 1748 constet
788 1717 917 1750 Priamo
946 1721 1023 1750 tunc
1052 1720 1091 1751 ab
1121 1719 1258 1751 Hercule
1287 1720 1458 1761 imperium

256 1806 287 1829 10
307 1803 448 1838 Horatius]
470 1812 512 1838 ep.
532 1805 543 1830 I
564 1808 588 1838 8,
610 1808 640 1831 12

256 1886 267 1909 1
290 1884 327 1909 acl
346 1884 415 1910 vade
434 1892 509 1918 supr.
531 1893 594 1911 vers.
614 1884 746 1917 iubentis,
767 1886 804 1912 acl
825 1886 907 1920 rage’
929 1887 1078 1922 hortantis,
1106 1888 1142 1914 ad
1163 1888 1258 1914 ‘nate’
1280 1888 1457 1923 blandientis,

183 1919 219 1944 acl
240 1919 396 1952 ‘zephyros'
419 1920 517 1953 quibus
537 1920 656 1954 porteris
678 1921 722 1954 ΤΗ
737 1922 855 1948 ortantis
876 1922 925 1955 Fu
940 1927 955 1949 4
975 1924 1040 1956 quia
1059 1924 1200 1950 uehebant
1218 1924 1267 1957 ΓΗ
1282 1927 1296 1949 S
1317 1925 1353 1950 αιΖ
1373 1925 1458 1958 Tyria

183 1954 352 1988 Carthagine
371 1963 446 1988 supr.
466 1963 530 1982 vers.
552 1956 676 1989 epiteton
694 1958 856 1990 praeposuit
880 1959 921 1984 uti
944 1959 1049 1985 homini
1072 1960 1096 1984 T
1118 1961 1126 1992 ΙΙ
1150 1960 1190 1985 ita
1209 1961 1320 1993 scripsi:
1340 1960 1411 1986 itata
1430 1961 1459 1986 1³

182 1989 269 2016 iratus
288 1990 392 2017 Daniel
406 1992 515 2024 primus
529 1992 538 2024 ΙΙ
557 1994 572 2017 9
592 2000 642 2025 pro
663 2000 711 2018 om.
732 1992 761 2018 F
773 1994 782 2027 ΙΙ
801 1993 941 2027 kartagini
961 1995 986 2019 L
1015 1995 1191 2028 carthaginia
1209 1996 1241 2021 H
1253 1996 1262 2029 ΙΙ
1282 1999 1314 2021 10
1334 2004 1410 2022 amas
1430 1997 1460 2022 F

182 2034 293 2052 amnem
312 2026 338 2051 L
365 2035 475 2059 amnem
495 2027 530 2052 M
544 2027 553 2060 ΙΙ
568 2027 681 2061 Tibure]
702 2028 801 2054 tubure
820 2029 845 2054 L
859 2030 868 2062 ΙΙ
884 2032 915 2054 12
935 2031 971 2056 acl
990 2039 1044 2056 non
1064 2030 1178 2064 respicit
1196 2031 1277 2057 urbes
1296 2040 1370 2064 supr.
1390 2040 1455 2058 fers.

182 2062 236 2088 hoc
256 2064 296 2087 est
317 2070 371 2088 nou
391 2062 498 2096 cogitat
517 2062 590 2095 quod
609 2071 720 2089 necesse
740 2063 777 2089 sit
796 2072 858 2090 eum
877 2065 1009 2099 nauigare
1029 2066 1064 2091 ad
1083 2066 1192 2092 italiam
1215 2067 1258 2099 ΤΗ
1279 2071 1309 2093 13
1330 2067 1457 2101 nauigari

183 2097 213 2122 F
225 2098 234 2130 ΙΙ
249 2101 281 2123 19
301 2097 329 2123 in
349 2106 403 2130 quo
476 2099 586 2124 Aeneae
606 2099 691 2124 edidit
710 2099 865 2132 Stephanus
879 2102 887 2133 Η
902 2103 933 2126 21
955 2109 1054 2127 aeneas
1074 2101 1104 2127 F
1115 2102 1124 2135 ΙΙ
1139 2103 1167 2127 et
1185 2102 1265 2136 item]
1286 2102 1387 2128 iterum
1407 2103 1436 2128 F

184 2135 217 2158 22
238 2141 269 2158 ac
290 2133 407 2159 ducente
428 2133 469 2159 F.-
489 2133 643 2159 abducente
660 2134 731 2160 NM
749 2136 780 2160 in
794 2143 847 2162 ras.
864 2136 873 2161 I
901 2136 1072 2162 eabducente
1088 2137 1187 2170 1111‘23
1208 2138 1370 2171 singularia]
1392 2147 1454 2164 con-

184 2170 229 2194 tra
243 2169 354 2194 Aenean
374 2170 436 2196 add.
452 2169 555 2195 Daniel
569 2170 578 2202 ΙΙ
592 2172 626 2195 24
645 2169 778 2196 liberatus
799 2171 851 2205 est]
872 2172 983 2204 quando
1004 2180 1066 2198 eum
1080 2172 1214 2199 Diomede
1234 2182 1250 2199 a
1266 2173 1371 2199 Venere
1392 2174 1454 2200 add.

184 2203 287 2230 Daniel
306 2205 315 2237 ΙΙ
334 2207 366 2230 ‘25
387 2205 440 2231 hoc
458 2213 509 2238 pro
530 2204 648 2239 Venere]
669 2205 743 2238 quod
761 2215 811 2239 pro
830 2215 930 2233 uenere
949 2208 981 2233 fit
1000 2216 1016 2234 a
1034 2216 1134 2234 uenere
1154 2209 1204 2242 Fu
1223 2209 1286 2242 hoc]
1308 2209 1380 2242 quod
1399 2209 1432 2234 Ji

1485 656 1516 679 10

1484 926 1514 947 15

1480 1193 1513 1215 20

1479 1734 1493 1757 3
1496 1734 1511 1756 Ο

185 2239 279 2265 uidere
299 2240 330 2265 H
343 2241 351 2273 ΙΙ
366 2243 399 2266 26
420 2240 459 2274 et]
480 2241 512 2266 ut
530 2240 590 2266 NL
598 2241 627 2266 H
635 2241 669 2266 M
683 2241 692 2274 ΙΙ
706 2242 780 2275 potis
795 2241 825 2267 F
850 2243 944 2275 potest
961 2243 1029 2269 NH
1055 2245 1132 2278 potes
1141 2245 1191 2279 sm]
1206 2245 1231 2269 L
1252 2246 1333 2277 (dnae
1352 2245 1456 2270 litterae.
1483 2256 1492 2264 ο

184 2275 293 2307 deletae)
312 2276 406 2309 potest
425 2277 433 2302 l
461 2276 489 2302 in
508 2276 631 2302 omittens
645 2277 654 2309 ΙΙ
672 2279 705 2302 ‘28
726 2274 790 2303 ante
809 2277 834 2303 L
848 2279 857 2311 ΙΙ
877 2281 909 2304 29
928 2287 979 2305 nee
999 2300 1004 2305 .
1022 2301 1027 2305 .
1044 2300 1049 2305 .
1069 2280 1188 2314 constet]
1211 2288 1261 2306 nec
1281 2280 1354 2305 enim
1373 2280 1453 2306 multi

181 2311 315 2344 temporis
333 2310 387 2337 fuit
405 2320 468 2338 cum
487 2311 601 2345 conplet
620 2312 649 2337 F
