<?xml version="1.0" encoding="UTF-8"?>
<!DOCTYPE html PUBLIC "-//W3C//DTD XHTML 1.0 Transitional//EN"
    "http://www.w3.org/TR/xhtml1/DTD/xhtml1-transitional.dtd">
<html xmlns="http://www.w3.org/1999/xhtml" xml:lang="en" lang="en">
 <head>
  <title>
</title>
<meta http-equiv="Content-Type" content="text/html;charset=utf-8" />
  <meta name='ocr-system' content='tesseract 3.04.00' />
  <meta name='ocr-capabilities' content='ocr_page ocr_carea ocr_par ocr_line ocrx_word'/>
</head>
<body>
  <div class='ocr_page' id='page_1' title='image "./serviigrammatici01bons_0744.png"; bbox 0 0 1690 2611; ppageno 0'>
   <div class='ocr_carea' id='block_1_1' title="bbox 176 707 208 730">
    <p class='ocr_par' dir='ltr' id='par_1_1' title="bbox 176 707 208 730">
     <span class='ocr_line' id='line_1_1' title="bbox 176 707 208 730; baseline 0 0"><span class='ocrx_word' id='word_1_1' title='bbox 176 707 208 730; x_wconf 91' lang='lat'>10</span> 
     </span>
    </p>
   </div>
   <div class='ocr_carea' id='block_1_2' title="bbox 178 978 209 1000">
    <p class='ocr_par' dir='ltr' id='par_1_2' title="bbox 178 978 209 1000">
     <span class='ocr_line' id='line_1_2' title="bbox 178 978 209 1000; baseline 0 0"><span class='ocrx_word' id='word_1_2' title='bbox 178 978 209 1000; x_wconf 87' lang='lat'>15</span> 
     </span>
    </p>
   </div>
   <div class='ocr_carea' id='block_1_3' title="bbox 178 1245 211 1268">
    <p class='ocr_par' dir='ltr' id='par_1_3' title="bbox 178 1245 211 1268">
     <span class='ocr_line' id='line_1_3' title="bbox 178 1245 211 1268; baseline -0.03 0"><span class='ocrx_word' id='word_1_3' title='bbox 178 1245 211 1268; x_wconf 81' lang='lat'>20</span> 
     </span>
    </p>
   </div>
   <div class='ocr_carea' id='block_1_4' title="bbox 181 1515 214 1537">
    <p class='ocr_par' dir='ltr' id='par_1_4' title="bbox 181 1515 214 1537">
     <span class='ocr_line' id='line_1_4' title="bbox 181 1515 214 1537; baseline 0 0"><span class='ocrx_word' id='word_1_4' title='bbox 181 1515 214 1537; x_wconf 81' lang='lat'>25</span> 
     </span>
    </p>
   </div>
   <div class='ocr_carea' id='block_1_5' title="bbox 225 133 926 164">
    <p class='ocr_par' dir='ltr' id='par_1_5' title="bbox 225 133 926 164">
     <span class='ocr_line' id='line_1_5' title="bbox 225 133 926 164; baseline -0.007 0"><span class='ocrx_word' id='word_1_5' title='bbox 225 133 290 164; x_wconf 84' lang='grc'>642</span> <span class='ocrx_word' id='word_1_6' title='bbox 805 133 926 160; x_wconf 84' lang='lat' dir='ltr'>SERVII</span> 
     </span>
    </p>
   </div>
   <div class='ocr_carea' id='block_1_6' title="bbox 226 215 1512 1541">
    <p class='ocr_par' dir='ltr' id='par_1_6' title="bbox 226 215 1502 416">
     <span class='ocr_line' id='line_1_6' title="bbox 226 215 1502 258; baseline 0 -11"><span class='ocrx_word' id='word_1_7' title='bbox 226 218 373 256; x_wconf 83' lang='lat' dir='ltr'>praestat</span> <span class='ocrx_word' id='word_1_8' title='bbox 402 215 522 256; x_wconf 87' lang='lat' dir='ltr'>aliquid</span> <span class='ocrx_word' id='word_1_9' title='bbox 551 215 701 247; x_wconf 85' lang='lat' dir='ltr'>humanis</span> <span class='ocrx_word' id='word_1_10' title='bbox 730 215 909 246; x_wconf 84' lang='lat' dir='ltr'>laboribus:</span> <span class='ocrx_word' id='word_1_11' title='bbox 941 217 997 247; x_wconf 87' lang='lat' dir='ltr'>aut</span> <span class='ocrx_word' id='word_1_12' title='bbox 1021 215 1048 246; x_wconf 91' lang='lat' dir='ltr'>si</span> <span class='ocrx_word' id='word_1_13' title='bbox 1078 215 1154 257; x_wconf 88' lang='lat' dir='ltr'>quid</span> <span class='ocrx_word' id='word_1_14' title='bbox 1182 226 1342 247; x_wconf 87' lang='lat' dir='ltr'>meremur</span> <span class='ocrx_word' id='word_1_15' title='bbox 1370 218 1502 258; x_wconf 87' lang='lat' dir='ltr'>propter</span> 
     </span>
     <span class='ocr_line' id='line_1_7' title="bbox 226 268 1500 311; baseline 0.002 -12"><span class='ocrx_word' id='word_1_16' title='bbox 226 269 356 309; x_wconf 84' lang='lat' dir='ltr'>pietatis</span> <span class='ocrx_word' id='word_1_17' title='bbox 382 269 519 309; x_wconf 80' lang='lat' dir='ltr'>cultum,</span> <span class='ocrx_word' id='word_1_18' title='bbox 548 271 584 300; x_wconf 92' lang='lat' dir='ltr'>ut</span> <span class='ocrx_word' id='word_1_19' title='bbox 608 268 643 309; x_wconf 89' lang='grc' dir='ltr'>&lt;Ι</span> <span class='ocrx_word' id='word_1_20' title='bbox 669 269 753 309; x_wconf 82' lang='grc'>526&gt;</span> <span class='ocrx_word' id='word_1_21' title='bbox 777 280 890 310; x_wconf 82' lang='lat' dir='ltr'>parce</span> <span class='ocrx_word' id='word_1_22' title='bbox 920 269 983 310; x_wconf 92' lang='lat' dir='ltr'>pio</span> <span class='ocrx_word' id='word_1_23' title='bbox 1008 269 1154 311; x_wconf 85' lang='lat' dir='ltr'>generi,</span> <span class='ocrx_word' id='word_1_24' title='bbox 1183 268 1244 300; x_wconf 84' lang='lat' dir='ltr'>hoc</span> <span class='ocrx_word' id='word_1_25' title='bbox 1268 269 1374 310; x_wconf 89' lang='lat' dir='ltr'>ipsum</span> <span class='ocrx_word' id='word_1_26' title='bbox 1397 281 1500 302; x_wconf 90' lang='lat' dir='ltr'>remu-</span> 
     </span>
     <span class='ocr_line' id='line_1_8' title="bbox 226 322 1502 365; baseline 0.002 -13"><span class='ocrx_word' id='word_1_27' title='bbox 226 333 351 353; x_wconf 86' lang='lat' dir='ltr'>nerare:</span> <span class='ocrx_word' id='word_1_28' title='bbox 377 324 433 353; x_wconf 85' lang='lat' dir='ltr'>aut</span> <span class='ocrx_word' id='word_1_29' title='bbox 458 323 558 363; x_wconf 84' lang='lat' dir='ltr'>certe,</span> <span class='ocrx_word' id='word_1_30' title='bbox 582 322 666 363; x_wconf 85' lang='lat' dir='ltr'>quod</span> <span class='ocrx_word' id='word_1_31' title='bbox 686 324 736 353; x_wconf 86' lang='lat' dir='ltr'>est</span> <span class='ocrx_word' id='word_1_32' title='bbox 760 322 889 361; x_wconf 83' lang='lat' dir='ltr'>melius,</span> <span class='ocrx_word' id='word_1_33' title='bbox 914 322 939 353; x_wconf 87' lang='lat' dir='ltr'>si</span> <span class='ocrx_word' id='word_1_34' title='bbox 960 323 1010 353; x_wconf 86' lang='lat' dir='ltr'>vel</span> <span class='ocrx_word' id='word_1_35' title='bbox 1034 323 1167 364; x_wconf 87' lang='lat' dir='ltr'>respicit</span> <span class='ocrx_word' id='word_1_36' title='bbox 1186 333 1238 354; x_wconf 88' lang='lat' dir='ltr'>res</span> <span class='ocrx_word' id='word_1_37' title='bbox 1261 322 1418 355; x_wconf 85' lang='lat' dir='ltr'>humanas</span> <span class='ocrx_word' id='word_1_38' title='bbox 1438 323 1502 365; x_wconf 87' lang='lat' dir='ltr'>pie-</span> 
     </span>
     <span class='ocr_line' id='line_1_9' title="bbox 226 375 845 416; baseline 0.002 -10"><span class='ocrx_word' id='word_1_39' title='bbox 226 378 289 413; x_wconf 78' lang='lat' dir='ltr'>tas,</span> <span class='ocrx_word' id='word_1_40' title='bbox 315 387 395 416; x_wconf 86' lang='lat' dir='ltr'>quae</span> <span class='ocrx_word' id='word_1_41' title='bbox 419 375 458 407; x_wconf 84' lang='lat' dir='ltr'>de</span> <span class='ocrx_word' id='word_1_42' title='bbox 481 376 576 407; x_wconf 88' lang='lat' dir='ltr'>terris</span> <span class='ocrx_word' id='word_1_43' title='bbox 602 376 680 407; x_wconf 88' lang='lat' dir='ltr'>olim</span> <span class='ocrx_word' id='word_1_44' title='bbox 703 376 845 408; x_wconf 89' lang='lat' dir='ltr'>recessit.</span> 
     </span>
    </p>

    <p class='ocr_par' dir='ltr' id='par_1_7' title="bbox 316 429 1210 471">
     <span class='ocr_line' id='line_1_10' title="bbox 316 429 1210 471; baseline 0.001 -11"><span class='ocrx_word' id='word_1_45' title='bbox 316 429 388 460; x_wconf 83' lang='lat'>690.</span> <span class='ocrx_word' id='word_1_46' title='bbox 428 438 491 461; x_wconf 80' lang='lat' dir='ltr'>RES</span> <span class='ocrx_word' id='word_1_47' title='bbox 516 438 618 460; x_wconf 82' lang='lat' dir='ltr'>ERIPE</span> <span class='ocrx_word' id='word_1_48' title='bbox 642 439 734 461; x_wconf 74' lang='lat' dir='ltr'>LE&#39;ro</span> <span class='ocrx_word' id='word_1_49' title='bbox 758 429 915 469; x_wconf 70' lang='lat' dir='ltr'>superflua</span> <span class='ocrx_word' id='word_1_50' title='bbox 939 429 1129 471; x_wconf 81' lang='lat' dir='ltr'>acyrologia</span> <span class='ocrx_word' id='word_1_51' title='bbox 1153 431 1210 461; x_wconf 86' lang='lat' dir='ltr'>est.</span> 
     </span>
    </p>

    <p class='ocr_par' dir='ltr' id='par_1_8' title="bbox 316 483 1173 525">
     <span class='ocr_line' id='line_1_11' title="bbox 316 483 1173 525; baseline 0.001 -12"><span class='ocrx_word' id='word_1_52' title='bbox 316 483 388 514; x_wconf 86' lang='lat'>691.</span> <span class='ocrx_word' id='word_1_53' title='bbox 427 491 522 520; x_wconf 82' lang='lat' dir='ltr'>QVOD</span> <span class='ocrx_word' id='word_1_54' title='bbox 548 492 719 515; x_wconf 83' lang='lat' dir='ltr'>SVPEREST</span> <span class='ocrx_word' id='word_1_55' title='bbox 744 483 828 524; x_wconf 89' lang='lat' dir='ltr'>quod</span> <span class='ocrx_word' id='word_1_56' title='bbox 852 493 993 524; x_wconf 78' lang='lat' dir='ltr'>congrue</span> <span class='ocrx_word' id='word_1_57' title='bbox 1018 483 1173 525; x_wconf 81' lang='lat' dir='ltr'>sequitur.</span> 
     </span>
    </p>

    <p class='ocr_par' dir='ltr' id='par_1_9' title="bbox 227 537 1505 793">
     <span class='ocr_line' id='line_1_12' title="bbox 316 537 1503 577; baseline 0.001 -10"><span class='ocrx_word' id='word_1_58' title='bbox 316 537 390 568; x_wconf 78' lang='lat'>694.</span> <span class='ocrx_word' id='word_1_59' title='bbox 428 546 505 569; x_wconf 81' lang='lat' dir='ltr'>SINE</span> <span class='ocrx_word' id='word_1_60' title='bbox 539 546 635 569; x_wconf 83' lang='lat' dir='ltr'><strong>MORE</strong></span> <span class='ocrx_word' id='word_1_61' title='bbox 669 538 737 568; x_wconf 75' lang='lat' dir='ltr'>sine</span> <span class='ocrx_word' id='word_1_62' title='bbox 771 537 927 577; x_wconf 82' lang='lat' dir='ltr'>exemplo.</span> <span class='ocrx_word' id='word_1_63' title='bbox 1018 546 1244 575; x_wconf 77' lang='lat' dir='ltr'>rom&#39;rRVQVE</span> <span class='ocrx_word' id='word_1_64' title='bbox 1277 546 1307 568; x_wconf 86' lang='lat' dir='ltr'>T.</span> <span class='ocrx_word' id='word_1_65' title='bbox 1341 537 1503 569; x_wconf 74' lang='lat' dir='ltr'><strong>ablativus</strong></span> 
     </span>
     <span class='ocr_line' id='line_1_13' title="bbox 227 590 1504 632; baseline 0.001 -11"><span class='ocrx_word' id='word_1_66' title='bbox 227 591 279 622; x_wconf 91' lang='lat' dir='ltr'>hic</span> <span class='ocrx_word' id='word_1_67' title='bbox 307 590 448 622; x_wconf 85' lang='lat' dir='ltr'>incertus</span> <span class='ocrx_word' id='word_1_68' title='bbox 477 592 527 622; x_wconf 85' lang='lat' dir='ltr'>est</span> <span class='ocrx_word' id='word_1_69' title='bbox 555 593 663 622; x_wconf 89' lang='lat' dir='ltr'>utrum</span> <span class='ocrx_word' id='word_1_70' title='bbox 688 602 706 621; x_wconf 91' lang='lat' dir='ltr'>a</span> <span class='ocrx_word' id='word_1_71' title='bbox 730 592 844 622; x_wconf 87' lang='lat' dir='ltr'>neutro</span> <span class='ocrx_word' id='word_1_72' title='bbox 877 590 1097 622; x_wconf 86' lang='lat' dir='ltr'>indeclinabili</span> <span class='ocrx_word' id='word_1_73' title='bbox 1122 590 1231 622; x_wconf 87' lang='lat' dir='ltr'>veniat</span> <span class='ocrx_word' id='word_1_74' title='bbox 1255 590 1332 622; x_wconf 76' lang='lat' dir='ltr'>‘hoc</span> <span class='ocrx_word' id='word_1_75' title='bbox 1354 590 1504 632; x_wconf 82' lang='lat' dir='ltr'>tonitru’,</span> 
     </span>
     <span class='ocr_line' id='line_1_14' title="bbox 227 643 1505 685; baseline 0.001 -11"><span class='ocrx_word' id='word_1_76' title='bbox 227 646 264 675; x_wconf 91' lang='lat' dir='ltr'>ut</span> <span class='ocrx_word' id='word_1_77' title='bbox 295 643 371 675; x_wconf 69' lang='lat' dir='ltr'>‘hoc</span> <span class='ocrx_word' id='word_1_78' title='bbox 403 643 530 676; x_wconf 88' lang='lat' dir='ltr'>cornu’:</span> <span class='ocrx_word' id='word_1_79' title='bbox 563 655 639 675; x_wconf 82' lang='lat' dir='ltr'>nam</span> <span class='ocrx_word' id='word_1_80' title='bbox 667 644 741 675; x_wconf 87' lang='lat' dir='ltr'>iude</span> <span class='ocrx_word' id='word_1_81' title='bbox 770 646 819 675; x_wconf 86' lang='lat' dir='ltr'>est</span> <span class='ocrx_word' id='word_1_82' title='bbox 846 644 1072 685; x_wconf 85' lang='lat' dir='ltr'>fractaeque</span> <span class='ocrx_word' id='word_1_83' title='bbox 1105 644 1280 675; x_wconf 87' lang='lat' dir='ltr'>tonitrua</span> <span class='ocrx_word' id='word_1_84' title='bbox 1307 644 1436 685; x_wconf 88' lang='lat' dir='ltr'>nubis,</span> <span class='ocrx_word' id='word_1_85' title='bbox 1469 646 1505 675; x_wconf 89' lang='lat' dir='ltr'>ut</span> 
     </span>
     <span class='ocr_line' id='line_1_15' title="bbox 229 697 1505 739; baseline 0 -10"><span class='ocrx_word' id='word_1_86' title='bbox 229 697 387 729; x_wconf 69' lang='lat' dir='ltr'>‘cornua’t</span> <span class='ocrx_word' id='word_1_87' title='bbox 421 709 461 728; x_wconf 87' lang='lat' dir='ltr'>an</span> <span class='ocrx_word' id='word_1_88' title='bbox 491 709 509 729; x_wconf 89' lang='lat' dir='ltr'>a</span> <span class='ocrx_word' id='word_1_89' title='bbox 538 698 715 729; x_wconf 87' lang='lat' dir='ltr'>masculino</span> <span class='ocrx_word' id='word_1_90' title='bbox 747 697 921 729; x_wconf 84' lang='lat' dir='ltr'>secundum</span> <span class='ocrx_word' id='word_1_91' title='bbox 954 701 1103 739; x_wconf 77' lang='lat' dir='ltr'><strong>quartam</strong></span> <span class='ocrx_word' id='word_1_92' title='bbox 1137 698 1398 729; x_wconf 70' lang='lat' dir='ltr'>declinationem:</span> <span class='ocrx_word' id='word_1_93' title='bbox 1430 697 1505 729; x_wconf 81' lang='lat' dir='ltr'>hinc</span> 
     </span>
     <span class='ocr_line' id='line_1_16' title="bbox 229 750 1237 793; baseline 0 -11"><span class='ocrx_word' id='word_1_94' title='bbox 229 751 314 783; x_wconf 86' lang='lat' dir='ltr'>enim</span> <span class='ocrx_word' id='word_1_95' title='bbox 339 754 388 783; x_wconf 88' lang='lat' dir='ltr'>est</span> <span class='ocrx_word' id='word_1_96' title='bbox 411 752 583 782; x_wconf 89' lang='lat' dir='ltr'>tonitrus</span> <span class='ocrx_word' id='word_1_97' title='bbox 609 750 699 792; x_wconf 44' lang='lat' dir='ltr'>agis*</span> <span class='ocrx_word' id='word_1_98' title='bbox 717 754 754 783; x_wconf 88' lang='lat' dir='ltr'>et</span> <span class='ocrx_word' id='word_1_99' title='bbox 778 762 858 783; x_wconf 87' lang='lat' dir='ltr'>mea</span> <span class='ocrx_word' id='word_1_100' title='bbox 881 751 1046 782; x_wconf 83' lang='lat' dir='ltr'>fulmina</span> <span class='ocrx_word' id='word_1_101' title='bbox 1069 754 1237 793; x_wconf 86' lang='lat' dir='ltr'>torques.</span> 
     </span>
    </p>

    <p class='ocr_par' dir='ltr' id='par_1_10' title="bbox 228 805 1504 900">
     <span class='ocr_line' id='line_1_17' title="bbox 318 805 1504 846; baseline 0.001 -10"><span class='ocrx_word' id='word_1_102' title='bbox 318 805 391 836; x_wconf 82' lang='lat'>695.</span> <span class='ocrx_word' id='word_1_103' title='bbox 430 814 547 836; x_wconf 84' lang='lat' dir='ltr'>ARDVA</span> <span class='ocrx_word' id='word_1_104' title='bbox 568 814 757 837; x_wconf 81' lang='lat' dir='ltr'>TERRARVM</span> <span class='ocrx_word' id='word_1_105' title='bbox 776 805 975 846; x_wconf 84' lang='lat' dir='ltr'>periphrasis</span> <span class='ocrx_word' id='word_1_106' title='bbox 995 805 1163 837; x_wconf 87' lang='lat' dir='ltr'>montium.</span> <span class='ocrx_word' id='word_1_107' title='bbox 1231 814 1393 837; x_wconf 76' lang='lat' dir='ltr'><strong>AETHERE</strong></span> <span class='ocrx_word' id='word_1_108' title='bbox 1413 814 1504 837; x_wconf 77' lang='lat' dir='ltr'>&#39;ro&#39;ro</span> 
     </span>
     <span class='ocr_line' id='line_1_18' title="bbox 228 859 526 900; baseline -0.003 -10"><span class='ocrx_word' id='word_1_109' title='bbox 228 870 286 900; x_wconf 88' lang='lat' dir='ltr'>pro</span> <span class='ocrx_word' id='word_1_110' title='bbox 312 862 384 890; x_wconf 69' lang='lat' dir='ltr'>aere</span> <span class='ocrx_word' id='word_1_111' title='bbox 409 859 526 900; x_wconf 89' lang='lat' dir='ltr'>posuit.</span> 
     </span>
    </p>

    <p class='ocr_par' dir='ltr' id='par_1_11' title="bbox 230 912 1506 1008">
     <span class='ocr_line' id='line_1_19' title="bbox 319 912 1506 945; baseline 0 -2"><span class='ocrx_word' id='word_1_112' title='bbox 319 913 391 943; x_wconf 79' lang='lat'>697.</span> <span class='ocrx_word' id='word_1_113' title='bbox 430 921 639 944; x_wconf 78' lang='lat' dir='ltr'>MADESCVNT</span> <span class='ocrx_word' id='word_1_114' title='bbox 664 921 803 945; x_wconf 78' lang='lat' dir='ltr'>ROBORA</span> <span class='ocrx_word' id='word_1_115' title='bbox 833 915 889 944; x_wconf 85' lang='lat' dir='ltr'>aut</span> <span class='ocrx_word' id='word_1_116' title='bbox 918 914 1135 944; x_wconf 83' lang='lat' dir='ltr'>umectantur:</span> <span class='ocrx_word' id='word_1_117' title='bbox 1166 914 1222 944; x_wconf 89' lang='lat' dir='ltr'>aut</span> <span class='ocrx_word' id='word_1_118' title='bbox 1246 912 1450 944; x_wconf 89' lang='lat' dir='ltr'>resolvuntur</span> <span class='ocrx_word' id='word_1_119' title='bbox 1474 912 1506 943; x_wconf 92' lang='lat' dir='ltr'>in</span> 
     </span>
     <span class='ocr_line' id='line_1_20' title="bbox 230 966 1052 1008; baseline 0.001 -11"><span class='ocrx_word' id='word_1_120' title='bbox 230 967 383 998; x_wconf 88' lang='lat' dir='ltr'>cinerem:</span> <span class='ocrx_word' id='word_1_121' title='bbox 409 966 494 1007; x_wconf 89' lang='lat' dir='ltr'>quod</span> <span class='ocrx_word' id='word_1_122' title='bbox 518 967 664 997; x_wconf 85' lang='lat' dir='ltr'>naturale</span> <span class='ocrx_word' id='word_1_123' title='bbox 689 968 739 998; x_wconf 91' lang='lat' dir='ltr'>est</span> <span class='ocrx_word' id='word_1_124' title='bbox 762 969 836 1008; x_wconf 85' lang='lat' dir='ltr'>post</span> <span class='ocrx_word' id='word_1_125' title='bbox 860 966 1052 998; x_wconf 87' lang='lat' dir='ltr'>incendium.</span> 
     </span>
    </p>

    <p class='ocr_par' dir='ltr' id='par_1_12' title="bbox 319 1021 830 1052">
     <span class='ocr_line' id='line_1_21' title="bbox 319 1021 830 1052; baseline 0.002 -1"><span class='ocrx_word' id='word_1_126' title='bbox 319 1021 391 1051; x_wconf 84' lang='lat'>703.</span> <span class='ocrx_word' id='word_1_127' title='bbox 429 1029 593 1052; x_wconf 77' lang='lat' dir='ltr'><strong>FATORVM</strong></span> <span class='ocrx_word' id='word_1_128' title='bbox 619 1021 830 1052; x_wconf 88' lang='lat' dir='ltr'>oraculorum.</span> 
     </span>
    </p>

    <p class='ocr_par' dir='ltr' id='par_1_13' title="bbox 230 1074 1510 1438">
     <span class='ocr_line' id='line_1_22' title="bbox 322 1074 1509 1106; baseline 0.001 -2"><span class='ocrx_word' id='word_1_129' title='bbox 322 1074 394 1105; x_wconf 74' lang='lat'>704.</span> <span class='ocrx_word' id='word_1_130' title='bbox 432 1083 503 1105; x_wconf 85' lang='lat' dir='ltr'>TVM</span> <span class='ocrx_word' id='word_1_131' title='bbox 524 1083 651 1106; x_wconf 80' lang='lat' dir='ltr'>SENIOR</span> <span class='ocrx_word' id='word_1_132' title='bbox 670 1083 807 1106; x_wconf 83' lang='lat' dir='ltr'>NAVTES</span> <span class='ocrx_word' id='word_1_133' title='bbox 828 1074 908 1106; x_wconf 85' lang='lat' dir='ltr'>bene</span> <span class='ocrx_word' id='word_1_134' title='bbox 929 1074 1079 1106; x_wconf 88' lang='lat' dir='ltr'>daturum</span> <span class='ocrx_word' id='word_1_135' title='bbox 1100 1074 1270 1106; x_wconf 89' lang='lat' dir='ltr'>consilium</span> <span class='ocrx_word' id='word_1_136' title='bbox 1291 1076 1323 1105; x_wconf 87' lang='lat' dir='ltr'>et</span> <span class='ocrx_word' id='word_1_137' title='bbox 1343 1074 1382 1105; x_wconf 90' lang='lat' dir='ltr'>ab</span> <span class='ocrx_word' id='word_1_138' title='bbox 1403 1075 1509 1105; x_wconf 86' lang='lat' dir='ltr'>aetate</span> 
     </span>
     <span class='ocr_line' id='line_1_23' title="bbox 230 1126 1509 1169; baseline 0 -11"><span class='ocrx_word' id='word_1_139' title='bbox 230 1130 262 1158; x_wconf 84' lang='lat' dir='ltr'>et</span> <span class='ocrx_word' id='word_1_140' title='bbox 283 1139 301 1158; x_wconf 89' lang='lat' dir='ltr'>a</span> <span class='ocrx_word' id='word_1_141' title='bbox 320 1128 492 1169; x_wconf 81' lang='lat' dir='ltr'>prudentia</span> <span class='ocrx_word' id='word_1_142' title='bbox 516 1130 547 1159; x_wconf 85' lang='lat' dir='ltr'>et</span> <span class='ocrx_word' id='word_1_143' title='bbox 567 1139 585 1159; x_wconf 87' lang='lat' dir='ltr'>a</span> <span class='ocrx_word' id='word_1_144' title='bbox 604 1128 762 1169; x_wconf 79' lang='lat' dir='ltr'>religione</span> <span class='ocrx_word' id='word_1_145' title='bbox 787 1128 1000 1160; x_wconf 87' lang='lat' dir='ltr'>commendat.</span> <span class='ocrx_word' id='word_1_146' title='bbox 1038 1128 1124 1169; x_wconf 91' lang='lat' dir='ltr'>quod</span> <span class='ocrx_word' id='word_1_147' title='bbox 1149 1130 1256 1159; x_wconf 87' lang='lat' dir='ltr'>autem</span> <span class='ocrx_word' id='word_1_148' title='bbox 1282 1127 1360 1159; x_wconf 89' lang='lat' dir='ltr'>dicit</span> <span class='ocrx_word' id='word_1_149' title='bbox 1384 1126 1509 1158; x_wconf 80' lang='lat' dir='ltr'>‘Pallas</span> 
     </span>
     <span class='ocr_line' id='line_1_24' title="bbox 231 1181 1510 1227; baseline -0.002 -13"><span class='ocrx_word' id='word_1_150' title='bbox 231 1193 325 1223; x_wconf 88' lang='lat' dir='ltr'>quem</span> <span class='ocrx_word' id='word_1_151' title='bbox 347 1181 481 1222; x_wconf 83' lang='lat' dir='ltr'>docuit’,</span> <span class='ocrx_word' id='word_1_152' title='bbox 506 1184 638 1227; x_wconf 77' lang='lat' dir='ltr'>propter</span> <span class='ocrx_word' id='word_1_153' title='bbox 662 1182 739 1213; x_wconf 91' lang='lat' dir='ltr'>illud</span> <span class='ocrx_word' id='word_1_154' title='bbox 767 1182 851 1224; x_wconf 88' lang='lat' dir='ltr'>quod</span> <span class='ocrx_word' id='word_1_155' title='bbox 877 1193 974 1222; x_wconf 86' lang='lat' dir='ltr'>supra</span> <span class='ocrx_word' id='word_1_156' title='bbox 995 1181 1164 1223; x_wconf 82' lang='lat'>&lt;111407&gt;</span> <span class='ocrx_word' id='word_1_157' title='bbox 1189 1182 1342 1222; x_wconf 77' lang='lat' dir='ltr'>diximus,</span> <span class='ocrx_word' id='word_1_158' title='bbox 1366 1181 1510 1222; x_wconf 85' lang='lat' dir='ltr'>fingitur,</span> 
     </span>
     <span class='ocr_line' id='line_1_25' title="bbox 233 1234 1509 1277; baseline -0.001 -11"><span class='ocrx_word' id='word_1_159' title='bbox 233 1235 308 1277; x_wconf 89' lang='lat' dir='ltr'>quia</span> <span class='ocrx_word' id='word_1_160' title='bbox 337 1236 406 1276; x_wconf 89' lang='lat' dir='ltr'>ipse</span> <span class='ocrx_word' id='word_1_161' title='bbox 435 1235 571 1266; x_wconf 84' lang='lat' dir='ltr'>Romam</span> <span class='ocrx_word' id='word_1_162' title='bbox 600 1235 781 1267; x_wconf 87' lang='lat' dir='ltr'>Palladium</span> <span class='ocrx_word' id='word_1_163' title='bbox 812 1236 940 1267; x_wconf 84' lang='lat' dir='ltr'>detulit:</span> <span class='ocrx_word' id='word_1_164' title='bbox 973 1235 1055 1267; x_wconf 86' lang='lat' dir='ltr'>unde</span> <span class='ocrx_word' id='word_1_165' title='bbox 1079 1235 1274 1267; x_wconf 85' lang='lat' dir='ltr'>Nautiorum</span> <span class='ocrx_word' id='word_1_166' title='bbox 1304 1234 1427 1266; x_wconf 85' lang='lat' dir='ltr'>familia</span> <span class='ocrx_word' id='word_1_167' title='bbox 1450 1234 1509 1265; x_wconf 89' lang='lat' dir='ltr'>Mi-</span> 
     </span>
     <span class='ocr_line' id='line_1_26' title="bbox 231 1287 1510 1331; baseline -0.002 -11"><span class='ocrx_word' id='word_1_168' title='bbox 231 1300 348 1320; x_wconf 84' lang='lat' dir='ltr'>nervae</span> <span class='ocrx_word' id='word_1_169' title='bbox 379 1300 470 1320; x_wconf 83' lang='lat' dir='ltr'>sacra</span> <span class='ocrx_word' id='word_1_170' title='bbox 499 1289 674 1320; x_wconf 75' lang='lat' dir='ltr'>retinebat:</span> <span class='ocrx_word' id='word_1_171' title='bbox 709 1290 793 1331; x_wconf 89' lang='lat' dir='ltr'>quod</span> <span class='ocrx_word' id='word_1_172' title='bbox 824 1290 920 1321; x_wconf 81' lang='lat' dir='ltr'>etiam</span> <span class='ocrx_word' id='word_1_173' title='bbox 946 1288 1049 1321; x_wconf 91' lang='lat' dir='ltr'>Varro</span> <span class='ocrx_word' id='word_1_174' title='bbox 1075 1289 1168 1320; x_wconf 84' lang='lat' dir='ltr'>docet</span> <span class='ocrx_word' id='word_1_175' title='bbox 1192 1289 1224 1320; x_wconf 89' lang='lat' dir='ltr'>in</span> <span class='ocrx_word' id='word_1_176' title='bbox 1249 1288 1342 1320; x_wconf 87' lang='lat' dir='ltr'>libris</span> <span class='ocrx_word' id='word_1_177' title='bbox 1367 1298 1447 1329; x_wconf 87' lang='lat' dir='ltr'>quos</span> <span class='ocrx_word' id='word_1_178' title='bbox 1472 1287 1510 1319; x_wconf 86' lang='lat' dir='ltr'>de</span> 
     </span>
     <span class='ocr_line' id='line_1_27' title="bbox 232 1342 1510 1384; baseline -0.001 -10"><span class='ocrx_word' id='word_1_179' title='bbox 232 1343 364 1374; x_wconf 86' lang='lat' dir='ltr'>familiis</span> <span class='ocrx_word' id='word_1_180' title='bbox 386 1342 536 1374; x_wconf 85' lang='lat' dir='ltr'>Troianis</span> <span class='ocrx_word' id='word_1_181' title='bbox 563 1343 698 1384; x_wconf 65' lang='lat' dir='ltr'>scripsit.</span> <span class='ocrx_word' id='word_1_182' title='bbox 776 1352 873 1375; x_wconf 84' lang='lat' dir='ltr'>VNVM</span> <span class='ocrx_word' id='word_1_183' title='bbox 898 1343 1115 1384; x_wconf 79' lang='lat' dir='ltr'>praecipuum.</span> <span class='ocrx_word' id='word_1_184' title='bbox 1194 1350 1360 1374; x_wconf 81' lang='lat' dir='ltr'>TRITONIA</span> <span class='ocrx_word' id='word_1_185' title='bbox 1380 1350 1510 1373; x_wconf 78' lang='lat' dir='ltr'><strong>PALLAS</strong></span> 
     </span>
     <span class='ocr_line' id='line_1_28' title="bbox 232 1397 903 1438; baseline 0.001 -10"><span class='ocrx_word' id='word_1_186' title='bbox 232 1409 290 1438; x_wconf 86' lang='lat' dir='ltr'>pro</span> <span class='ocrx_word' id='word_1_187' title='bbox 316 1409 379 1428; x_wconf 89' lang='lat' dir='ltr'>uno</span> <span class='ocrx_word' id='word_1_188' title='bbox 405 1397 537 1437; x_wconf 83' lang='lat' dir='ltr'>proprio</span> <span class='ocrx_word' id='word_1_189' title='bbox 563 1397 623 1428; x_wconf 86' lang='lat' dir='ltr'>duo</span> <span class='ocrx_word' id='word_1_190' title='bbox 650 1397 903 1429; x_wconf 83' lang='lat' dir='ltr'>antonomasiva.</span> 
     </span>
    </p>

    <p class='ocr_par' dir='ltr' id='par_1_14' title="bbox 323 1446 1323 1490">
     <span class='ocr_line' id='line_1_29' title="bbox 323 1446 1323 1490; baseline -0.002 -8"><span class='ocrx_word' id='word_1_191' title='bbox 323 1451 394 1482; x_wconf 82' lang='lat'>705.</span> <span class='ocrx_word' id='word_1_192' title='bbox 432 1459 607 1482; x_wconf 76' lang='lat' dir='ltr'>REDmDrr</span> <span class='ocrx_word' id='word_1_193' title='bbox 633 1453 723 1481; x_wconf 72' lang='lat' dir='ltr'>ARTE</span> <span class='ocrx_word' id='word_1_194' title='bbox 748 1451 782 1481; x_wconf 70' lang='lat' dir='ltr'>id.</span> <span class='ocrx_word' id='word_1_195' title='bbox 804 1453 846 1482; x_wconf 76' lang='lat' dir='ltr'>est</span> <span class='ocrx_word' id='word_1_196' title='bbox 869 1450 1003 1490; x_wconf 79' lang='lat' dir='ltr'>virtute,</span> <span class='ocrx_word' id='word_1_197' title='bbox 1027 1446 1089 1481; x_wconf 77' lang='grc' dir='ltr'>ἀπὸ</span> <span class='ocrx_word' id='word_1_198' title='bbox 1117 1450 1173 1490; x_wconf 79' lang='grc' dir='ltr'>τῆς</span> <span class='ocrx_word' id='word_1_199' title='bbox 1197 1446 1323 1490; x_wconf 75' lang='grc' dir='ltr'><em>ἀρετῆς.</em></span> 
     </span>
    </p>

    <p class='ocr_par' dir='ltr' id='par_1_15' title="bbox 325 1504 1512 1541">
     <span class='ocr_line' id='line_1_30' title="bbox 325 1504 1512 1541; baseline -0.001 -6"><span class='ocrx_word' id='word_1_200' title='bbox 325 1505 396 1535; x_wconf 78' lang='grc'>706.</span> <span class='ocrx_word' id='word_1_201' title='bbox 436 1513 611 1537; x_wconf 79' lang='lat' dir='ltr'>RESPONSA</span> <span class='ocrx_word' id='word_1_202' title='bbox 635 1514 751 1536; x_wconf 81' lang='lat' dir='ltr'><strong>DABAT</strong></span> <span class='ocrx_word' id='word_1_203' title='bbox 776 1505 847 1536; x_wconf 85' lang='lat' dir='ltr'>laus</span> <span class='ocrx_word' id='word_1_204' title='bbox 873 1504 1009 1536; x_wconf 84' lang='lat' dir='ltr'>consilii.</span> <span class='ocrx_word' id='word_1_205' title='bbox 1101 1512 1168 1535; x_wconf 80' lang='lat' dir='ltr'>VEL</span> <span class='ocrx_word' id='word_1_206' title='bbox 1193 1512 1285 1541; x_wconf 78' lang='lat' dir='ltr'><strong>QVAE</strong></span> <span class='ocrx_word' id='word_1_207' title='bbox 1311 1511 1512 1535; x_wconf 77' lang='lat' dir='ltr'>PORTENDE-</span> 
     </span>
    </p>
   </div>
   <div class='ocr_carea' id='block_1_7' title="bbox 235 1568 431 1571">
    <p class='ocr_par' dir='ltr' id='par_1_16' title="bbox 235 1568 431 1571">
     <span class='ocr_line' id='line_1_31' title="bbox 235 1568 431 1571; baseline 0 0"><span class='ocrx_word' id='word_1_208' title='bbox 235 1568 431 1571; x_wconf 95' lang='lat' dir='ltr'> </span> 
     </span>
    </p>
   </div>
   <div class='ocr_carea' id='block_1_8' title="bbox 235 1599 1512 1708">
    <p class='ocr_par' dir='ltr' id='par_1_17' title="bbox 235 1599 1512 1708">
     <span class='ocr_line' id='line_1_32' title="bbox 305 1599 1512 1636; baseline -0.001 -9"><span class='ocrx_word' id='word_1_209' title='bbox 305 1605 318 1627; x_wconf 83' lang='lat'>7</span> <span class='ocrx_word' id='word_1_210' title='bbox 342 1601 418 1627; x_wconf 81' lang='lat' dir='ltr'>‘Sine</span> <span class='ocrx_word' id='word_1_211' title='bbox 438 1601 525 1627; x_wconf 85' lang='lat' dir='ltr'>more’</span> <span class='ocrx_word' id='word_1_212' title='bbox 547 1602 605 1628; x_wconf 81' lang='lat' dir='ltr'>sine</span> <span class='ocrx_word' id='word_1_213' title='bbox 626 1611 703 1627; x_wconf 74' lang='lat' dir='ltr'>exem</span> <span class='ocrx_word' id='word_1_214' title='bbox 725 1601 764 1636; x_wconf 85' lang='lat' dir='ltr'>lo]</span> <span class='ocrx_word' id='word_1_215' title='bbox 786 1601 819 1627; x_wconf 86' lang='lat' dir='ltr'>cf.</span> <span class='ocrx_word' id='word_1_216' title='bbox 840 1601 917 1628; x_wconf 86' lang='lat' dir='ltr'>Luct.</span> <span class='ocrx_word' id='word_1_217' title='bbox 938 1600 1012 1627; x_wconf 87' lang='lat' dir='ltr'>Plac.</span> <span class='ocrx_word' id='word_1_218' title='bbox 1033 1601 1068 1626; x_wconf 85' lang='lat' dir='ltr'>ad</span> <span class='ocrx_word' id='word_1_219' title='bbox 1090 1601 1158 1627; x_wconf 83' lang='lat' dir='ltr'>Stat.</span> <span class='ocrx_word' id='word_1_220' title='bbox 1179 1600 1264 1627; x_wconf 90' lang='lat' dir='ltr'>Theb.</span> <span class='ocrx_word' id='word_1_221' title='bbox 1285 1600 1296 1625; x_wconf 86' lang='lat' dir='ltr'>l</span> <span class='ocrx_word' id='word_1_222' title='bbox 1316 1601 1390 1633; x_wconf 79' lang='grc'>23811</span> <span class='ocrx_word' id='word_1_223' title='bbox 1412 1599 1512 1626; x_wconf 81' lang='lat' dir='ltr'>ablati-</span> 
     </span>
     <span class='ocr_line' id='line_1_33' title="bbox 235 1611 1511 1672; baseline -0.001 -9"><span class='ocrx_word' id='word_1_224' title='bbox 235 1647 283 1664; x_wconf 76' lang='lat' dir='ltr'>vus</span> <span class='ocrx_word' id='word_1_225' title='bbox 303 1638 347 1663; x_wconf 67' lang='lat' dir='ltr'>his*</span> <span class='ocrx_word' id='word_1_226' title='bbox 369 1647 390 1662; x_wconf 71' lang='grc' dir='ltr'>ν.</span> <span class='ocrx_word' id='word_1_227' title='bbox 413 1646 437 1670; x_wconf 82' lang='lat' dir='ltr'>q.</span> <span class='ocrx_word' id='word_1_228' title='bbox 459 1638 492 1672; x_wconf 59' lang='lat' dir='ltr'>sn]</span> <span class='ocrx_word' id='word_1_229' title='bbox 522 1637 554 1663; x_wconf 88' lang='lat' dir='ltr'>cf.</span> <span class='ocrx_word' id='word_1_230' title='bbox 577 1638 653 1664; x_wconf 79' lang='lat' dir='ltr'>Luct.</span> <span class='ocrx_word' id='word_1_231' title='bbox 674 1611 748 1663; x_wconf 55' lang='grc' dir='ltr'>ΡΙΞἝ.</span> <span class='ocrx_word' id='word_1_232' title='bbox 770 1638 803 1663; x_wconf 81' lang='lat' dir='ltr'>ad</span> <span class='ocrx_word' id='word_1_233' title='bbox 826 1637 896 1663; x_wconf 84' lang='lat' dir='ltr'>Stat.</span> <span class='ocrx_word' id='word_1_234' title='bbox 917 1637 1002 1663; x_wconf 85' lang='lat' dir='ltr'>Theb.</span> <span class='ocrx_word' id='word_1_235' title='bbox 1027 1637 1035 1662; x_wconf 85' lang='lat'>1</span> <span class='ocrx_word' id='word_1_236' title='bbox 1055 1639 1106 1663; x_wconf 81' lang='lat'>258</span> <span class='ocrx_word' id='word_1_237' title='bbox 1133 1637 1160 1663; x_wconf 87' lang='lat' dir='ltr'>et</span> <span class='ocrx_word' id='word_1_238' title='bbox 1183 1645 1282 1662; x_wconf 87' lang='lat' dir='ltr'>comm.</span> <span class='ocrx_word' id='word_1_239' title='bbox 1303 1636 1368 1662; x_wconf 88' lang='lat' dir='ltr'>Luc.</span> <span class='ocrx_word' id='word_1_240' title='bbox 1390 1636 1440 1662; x_wconf 90' lang='lat' dir='ltr'>VII</span> <span class='ocrx_word' id='word_1_241' title='bbox 1462 1638 1511 1662; x_wconf 76' lang='lat'>197</span> 
     </span>
     <span class='ocr_line' id='line_1_34' title="bbox 235 1672 1348 1708; baseline -0.001 -10"><span class='ocrx_word' id='word_1_242' title='bbox 235 1674 263 1699; x_wconf 64' lang='lat' dir='ltr'>vt</span> <span class='ocrx_word' id='word_1_243' title='bbox 283 1676 333 1699; x_wconf 75' lang='lat'>207</span> <span class='ocrx_word' id='word_1_244' title='bbox 354 1675 362 1706; x_wconf 89' lang='grc'>11</span> <span class='ocrx_word' id='word_1_245' title='bbox 387 1677 401 1698; x_wconf 78' lang='lat'>¹.)</span> <span class='ocrx_word' id='word_1_246' title='bbox 423 1673 594 1708; x_wconf 74' lang='lat' dir='ltr'>fractaeque]</span> <span class='ocrx_word' id='word_1_247' title='bbox 616 1674 681 1700; x_wconf 79' lang='lat' dir='ltr'>Luc.</span> <span class='ocrx_word' id='word_1_248' title='bbox 704 1673 737 1698; x_wconf 90' lang='lat' dir='ltr'>Vl</span> <span class='ocrx_word' id='word_1_249' title='bbox 759 1676 809 1699; x_wconf 77' lang='lat'>692</span> <span class='ocrx_word' id='word_1_250' title='bbox 829 1674 837 1707; x_wconf 93' lang='grc'>11</span> <span class='ocrx_word' id='word_1_251' title='bbox 863 1676 891 1699; x_wconf 93' lang='grc'>11</span> <span class='ocrx_word' id='word_1_252' title='bbox 914 1673 1047 1707; x_wconf 82' lang='lat' dir='ltr'>tonitrus]</span> <span class='ocrx_word' id='word_1_253' title='bbox 1069 1673 1136 1699; x_wconf 85' lang='lat' dir='ltr'>Stat.</span> <span class='ocrx_word' id='word_1_254' title='bbox 1158 1672 1245 1698; x_wconf 83' lang='lat' dir='ltr'>Theb.</span> <span class='ocrx_word' id='word_1_255' title='bbox 1266 1672 1275 1697; x_wconf 90' lang='lat' dir='ltr'>l</span> <span class='ocrx_word' id='word_1_256' title='bbox 1296 1674 1348 1698; x_wconf 78' lang='lat'>258</span> 
     </span>
    </p>
   </div>
   <div class='ocr_carea' id='block_1_9' title="bbox 237 1760 1518 2404">
    <p class='ocr_par' dir='ltr' id='par_1_18' title="bbox 237 1760 1517 2153">
     <span class='ocr_line' id='line_1_35' title="bbox 308 1760 1513 1797; baseline -0.003 -8"><span class='ocrx_word' id='word_1_257' title='bbox 308 1767 319 1789; x_wconf 92' lang='lat'>1</span> <span class='ocrx_word' id='word_1_258' title='bbox 342 1764 455 1796; x_wconf 79' lang='lat' dir='ltr'>propter</span> <span class='ocrx_word' id='word_1_259' title='bbox 474 1762 608 1796; x_wconf 83' lang='lat' dir='ltr'>pietatem</span> <span class='ocrx_word' id='word_1_260' title='bbox 629 1763 733 1789; x_wconf 78' lang='lat' dir='ltr'>cultam</span> <span class='ocrx_word' id='word_1_261' title='bbox 754 1762 783 1787; x_wconf 90' lang='lat' dir='ltr'><em>F</em></span> <span class='ocrx_word' id='word_1_262' title='bbox 804 1763 812 1794; x_wconf 90' lang='grc'>11</span> <span class='ocrx_word' id='word_1_263' title='bbox 836 1765 851 1787; x_wconf 77' lang='lat'>2</span> <span class='ocrx_word' id='word_1_264' title='bbox 872 1762 980 1797; x_wconf 72' lang='lat' dir='ltr'>generi]</span> <span class='ocrx_word' id='word_1_265' title='bbox 1001 1761 1111 1795; x_wconf 74' lang='lat' dir='ltr'>genitor</span> <span class='ocrx_word' id='word_1_266' title='bbox 1131 1761 1160 1787; x_wconf 87' lang='lat' dir='ltr'><em>F</em></span> <span class='ocrx_word' id='word_1_267' title='bbox 1181 1762 1190 1795; x_wconf 87' lang='grc'>11</span> <span class='ocrx_word' id='word_1_268' title='bbox 1215 1765 1230 1787; x_wconf 88' lang='grc'><strong>3</strong></span> <span class='ocrx_word' id='word_1_269' title='bbox 1251 1762 1326 1787; x_wconf 83' lang='lat' dir='ltr'>certe</span> <span class='ocrx_word' id='word_1_270' title='bbox 1346 1769 1394 1786; x_wconf 84' lang='lat' dir='ltr'>om.</span> <span class='ocrx_word' id='word_1_271' title='bbox 1416 1760 1445 1785; x_wconf 98' lang='lat' dir='ltr'><em>F</em></span> <span class='ocrx_word' id='word_1_272' title='bbox 1466 1761 1474 1792; x_wconf 95' lang='grc' dir='ltr'>ΙΙ</span> <span class='ocrx_word' id='word_1_273' title='bbox 1498 1763 1513 1786; x_wconf 82' lang='lat'><strong>5</strong></span> 
     </span>
     <span class='ocr_line' id='line_1_36' title="bbox 237 1795 1513 1832; baseline -0.002 -8"><span class='ocrx_word' id='word_1_274' title='bbox 237 1809 319 1825; x_wconf 61' lang='lat' dir='ltr'>nuri-o</span> <span class='ocrx_word' id='word_1_275' title='bbox 342 1799 364 1824; x_wconf 76' lang='lat'>1.</span> <span class='ocrx_word' id='word_1_276' title='bbox 395 1808 475 1824; x_wconf 57' lang='lat' dir='ltr'>micro</span> <span class='ocrx_word' id='word_1_277' title='bbox 496 1799 567 1824; x_wconf 77' lang='lat' dir='ltr'>HM</span> <span class='ocrx_word' id='word_1_278' title='bbox 587 1800 595 1831; x_wconf 88' lang='grc'>11</span> <span class='ocrx_word' id='word_1_279' title='bbox 619 1798 779 1831; x_wconf 82' lang='lat' dir='ltr'>acyrologia</span> <span class='ocrx_word' id='word_1_280' title='bbox 798 1799 851 1832; x_wconf 76' lang='lat' dir='ltr'>est]</span> <span class='ocrx_word' id='word_1_281' title='bbox 873 1798 901 1824; x_wconf 90' lang='lat' dir='ltr'>id</span> <span class='ocrx_word' id='word_1_282' title='bbox 922 1799 964 1823; x_wconf 90' lang='lat' dir='ltr'>est</span> <span class='ocrx_word' id='word_1_283' title='bbox 982 1797 1180 1831; x_wconf 77' lang='lat' dir='ltr'>improprietas</span> <span class='ocrx_word' id='word_1_284' title='bbox 1200 1796 1347 1823; x_wconf 81' lang='lat' dir='ltr'>sermonis:</span> <span class='ocrx_word' id='word_1_285' title='bbox 1366 1804 1421 1822; x_wconf 91' lang='lat' dir='ltr'>non</span> <span class='ocrx_word' id='word_1_286' title='bbox 1441 1795 1513 1822; x_wconf 80' lang='lat' dir='ltr'>onim</span> 
     </span>
     <span class='ocr_line' id='line_1_37' title="bbox 237 1831 1514 1867; baseline -0.002 -7"><span class='ocrx_word' id='word_1_287' title='bbox 237 1835 340 1860; x_wconf 63' lang='lat' dir='ltr'>lovtum</span> <span class='ocrx_word' id='word_1_288' title='bbox 361 1833 463 1859; x_wconf 78' lang='lat' dir='ltr'>dicitur</span> <span class='ocrx_word' id='word_1_289' title='bbox 484 1834 536 1860; x_wconf 84' lang='lat' dir='ltr'>nisi</span> <span class='ocrx_word' id='word_1_290' title='bbox 558 1834 591 1860; x_wconf 85' lang='lat' dir='ltr'>dc</span> <span class='ocrx_word' id='word_1_291' title='bbox 612 1834 769 1860; x_wconf 86' lang='lat' dir='ltr'>viventibus</span> <span class='ocrx_word' id='word_1_292' title='bbox 790 1833 957 1859; x_wconf 69' lang='lat' dir='ltr'>animalibus</span> <span class='ocrx_word' id='word_1_293' title='bbox 978 1834 1041 1859; x_wconf 75' lang='lat' dir='ltr'>add.</span> <span class='ocrx_word' id='word_1_294' title='bbox 1062 1833 1089 1858; x_wconf 90' lang='lat' dir='ltr'>I)</span> <span class='ocrx_word' id='word_1_295' title='bbox 1110 1834 1119 1867; x_wconf 91' lang='grc'>11</span> <span class='ocrx_word' id='word_1_296' title='bbox 1144 1836 1156 1858; x_wconf 77' lang='grc'><strong>7</strong></span> <span class='ocrx_word' id='word_1_297' title='bbox 1178 1843 1200 1858; x_wconf 69' lang='lat' dir='ltr'>vr.</span> <span class='ocrx_word' id='word_1_298' title='bbox 1221 1841 1270 1858; x_wconf 80' lang='lat' dir='ltr'>om.</span> <span class='ocrx_word' id='word_1_299' title='bbox 1292 1831 1322 1858; x_wconf 85' lang='lat' dir='ltr'><em>F</em></span> <span class='ocrx_word' id='word_1_300' title='bbox 1342 1833 1351 1865; x_wconf 94' lang='grc'>11</span> <span class='ocrx_word' id='word_1_301' title='bbox 1375 1831 1514 1858; x_wconf 78' lang='lat' dir='ltr'>ablativus</span> 
     </span>
     <span class='ocr_line' id='line_1_38' title="bbox 238 1866 1515 1903; baseline -0.002 -7"><span class='ocrx_word' id='word_1_302' title='bbox 238 1892 242 1896; x_wconf 99' lang='lat'>.</span> <span class='ocrx_word' id='word_1_303' title='bbox 264 1893 268 1897; x_wconf 87' lang='lat'>.</span> <span class='ocrx_word' id='word_1_304' title='bbox 292 1892 296 1896; x_wconf 71' lang='grc'><strong>,</strong></span> <span class='ocrx_word' id='word_1_305' title='bbox 318 1871 369 1896; x_wconf 80' lang='lat' dir='ltr'>hor·</span> <span class='ocrx_word' id='word_1_306' title='bbox 391 1869 509 1903; x_wconf 78' lang='lat' dir='ltr'>tonitru]</span> <span class='ocrx_word' id='word_1_307' title='bbox 537 1869 582 1895; x_wconf 79' lang='lat' dir='ltr'>liic</span> <span class='ocrx_word' id='word_1_308' title='bbox 606 1869 747 1896; x_wconf 80' lang='lat' dir='ltr'>ablatiuus</span> <span class='ocrx_word' id='word_1_309' title='bbox 772 1869 909 1895; x_wconf 82' lang='lat' dir='ltr'>incertum</span> <span class='ocrx_word' id='word_1_310' title='bbox 934 1871 975 1895; x_wconf 81' lang='lat' dir='ltr'>est</span> <span class='ocrx_word' id='word_1_311' title='bbox 1001 1869 1070 1894; x_wconf 81' lang='lat' dir='ltr'>unde</span> <span class='ocrx_word' id='word_1_312' title='bbox 1095 1868 1190 1895; x_wconf 84' lang='lat' dir='ltr'>ueniat</span> <span class='ocrx_word' id='word_1_313' title='bbox 1209 1870 1300 1894; x_wconf 86' lang='lat' dir='ltr'>utrum</span> <span class='ocrx_word' id='word_1_314' title='bbox 1321 1876 1338 1894; x_wconf 84' lang='lat' dir='ltr'>a</span> <span class='ocrx_word' id='word_1_315' title='bbox 1357 1868 1454 1894; x_wconf 84' lang='lat' dir='ltr'>neutro</span> <span class='ocrx_word' id='word_1_316' title='bbox 1474 1866 1515 1893; x_wconf 89' lang='lat' dir='ltr'>in-</span> 
     </span>
     <span class='ocr_line' id='line_1_39' title="bbox 237 1903 1515 1939; baseline -0.002 -8"><span class='ocrx_word' id='word_1_317' title='bbox 237 1905 398 1932; x_wconf 67' lang='lat' dir='ltr'>declinabili</span> <span class='ocrx_word' id='word_1_318' title='bbox 418 1906 469 1931; x_wconf 80' lang='lat' dir='ltr'>hoc</span> <span class='ocrx_word' id='word_1_319' title='bbox 490 1906 595 1931; x_wconf 80' lang='lat' dir='ltr'>tonitru</span> <span class='ocrx_word' id='word_1_320' title='bbox 617 1905 646 1931; x_wconf 88' lang='lat' dir='ltr'><em>F</em></span> <span class='ocrx_word' id='word_1_321' title='bbox 661 1906 670 1939; x_wconf 95' lang='grc'>11</span> <span class='ocrx_word' id='word_1_322' title='bbox 694 1909 709 1931; x_wconf 86' lang='grc'>8</span> <span class='ocrx_word' id='word_1_323' title='bbox 730 1905 926 1931; x_wconf 72' lang='lat' dir='ltr'>indeclinabile</span> <span class='ocrx_word' id='word_1_324' title='bbox 947 1905 976 1930; x_wconf 83' lang='lat' dir='ltr'>Il</span> <span class='ocrx_word' id='word_1_325' title='bbox 993 1906 1002 1938; x_wconf 93' lang='grc'>11</span> <span class='ocrx_word' id='word_1_326' title='bbox 1027 1908 1041 1930; x_wconf 84' lang='grc'><strong>9</strong></span> <span class='ocrx_word' id='word_1_327' title='bbox 1063 1905 1114 1930; x_wconf 88' lang='lat' dir='ltr'>hoc</span> <span class='ocrx_word' id='word_1_328' title='bbox 1134 1903 1230 1938; x_wconf 82' lang='lat' dir='ltr'>cornu]</span> <span class='ocrx_word' id='word_1_329' title='bbox 1251 1912 1335 1930; x_wconf 87' lang='lat' dir='ltr'>cornu</span> <span class='ocrx_word' id='word_1_330' title='bbox 1356 1911 1440 1929; x_wconf 86' lang='lat' dir='ltr'>cornu</span> <span class='ocrx_word' id='word_1_331' title='bbox 1461 1903 1489 1928; x_wconf 84' lang='lat' dir='ltr'><em>F</em></span> <span class='ocrx_word' id='word_1_332' title='bbox 1507 1903 1515 1936; x_wconf 75' lang='grc'>1</span> 
     </span>
     <span class='ocr_line' id='line_1_40' title="bbox 238 1939 1516 1974; baseline -0.002 -7"><span class='ocrx_word' id='word_1_333' title='bbox 238 1951 300 1967; x_wconf 77' lang='lat' dir='ltr'>nam</span> <span class='ocrx_word' id='word_1_334' title='bbox 322 1941 386 1967; x_wconf 70' lang='lat' dir='ltr'>ind--</span> <span class='ocrx_word' id='word_1_335' title='bbox 407 1963 411 1966; x_wconf 87' lang='lat'>.</span> <span class='ocrx_word' id='word_1_336' title='bbox 434 1962 437 1966; x_wconf 92' lang='lat'>.</span> <span class='ocrx_word' id='word_1_337' title='bbox 460 1962 464 1966; x_wconf 96' lang='lat'>.</span> <span class='ocrx_word' id='word_1_338' title='bbox 487 1943 517 1967; x_wconf 80' lang='lat' dir='ltr'>ut</span> <span class='ocrx_word' id='word_1_339' title='bbox 536 1950 639 1967; x_wconf 83' lang='lat' dir='ltr'>cornua</span> <span class='ocrx_word' id='word_1_340' title='bbox 658 1951 707 1967; x_wconf 54' lang='lat' dir='ltr'>om..</span> <span class='ocrx_word' id='word_1_341' title='bbox 730 1941 759 1966; x_wconf 90' lang='lat' dir='ltr'><em>F</em></span> <span class='ocrx_word' id='word_1_342' title='bbox 780 1942 788 1974; x_wconf 91' lang='grc'>11</span> <span class='ocrx_word' id='word_1_343' title='bbox 817 1940 897 1966; x_wconf 72' lang='lat' dir='ltr'>nubis</span> <span class='ocrx_word' id='word_1_344' title='bbox 917 1941 1062 1966; x_wconf 72' lang='lat' dir='ltr'>Lucanus.-</span> <span class='ocrx_word' id='word_1_345' title='bbox 1086 1940 1174 1966; x_wconf 82' lang='lat' dir='ltr'>nubes</span> <span class='ocrx_word' id='word_1_346' title='bbox 1193 1939 1330 1965; x_wconf 83' lang='lat' dir='ltr'><em>NLIIM</em></span> <span class='ocrx_word' id='word_1_347' title='bbox 1354 1940 1363 1972; x_wconf 91' lang='grc'>11</span> <span class='ocrx_word' id='word_1_348' title='bbox 1393 1942 1425 1964; x_wconf 89' lang='grc'>10</span> <span class='ocrx_word' id='word_1_349' title='bbox 1444 1946 1479 1964; x_wconf 84' lang='lat' dir='ltr'>an</span> <span class='ocrx_word' id='word_1_350' title='bbox 1499 1947 1516 1964; x_wconf 89' lang='lat' dir='ltr'>a</span> 
     </span>
     <span class='ocr_line' id='line_1_41' title="bbox 239 1974 1515 2010; baseline -0.003 -7"><span class='ocrx_word' id='word_1_351' title='bbox 239 1978 268 2003; x_wconf 89' lang='lat' dir='ltr'><em>N</em></span> <span class='ocrx_word' id='word_1_352' title='bbox 276 1978 308 2003; x_wconf 83' lang='lat' dir='ltr'><em>M</em></span> <span class='ocrx_word' id='word_1_353' title='bbox 328 1980 350 2002; x_wconf 75' lang='lat' dir='ltr'>ct</span> <span class='ocrx_word' id='word_1_354' title='bbox 366 1978 396 2002; x_wconf 60' lang='lat' dir='ltr'>¹1?ch</span> <span class='ocrx_word' id='word_1_355' title='bbox 413 1986 465 2003; x_wconf 66' lang='lat' dir='ltr'>ras.</span> <span class='ocrx_word' id='word_1_356' title='bbox 481 1978 502 2002; x_wconf 78' lang='lat' dir='ltr'>l:</span> <span class='ocrx_word' id='word_1_357' title='bbox 523 1985 557 2002; x_wconf 81' lang='lat' dir='ltr'>an</span> <span class='ocrx_word' id='word_1_358' title='bbox 575 1977 604 2002; x_wconf 90' lang='lat' dir='ltr'><em>F</em></span> <span class='ocrx_word' id='word_1_359' title='bbox 631 1977 702 2003; x_wconf 79' lang='lat' dir='ltr'>Nam</span> <span class='ocrx_word' id='word_1_360' title='bbox 723 1977 752 2002; x_wconf 79' lang='lat'>11</span> <span class='ocrx_word' id='word_1_361' title='bbox 767 1977 776 2010; x_wconf 89' lang='grc'>11</span> <span class='ocrx_word' id='word_1_362' title='bbox 791 1976 944 2003; x_wconf 79' lang='lat' dir='ltr'>masculina</span> <span class='ocrx_word' id='word_1_363' title='bbox 962 1977 993 2002; x_wconf 87' lang='lat' dir='ltr'><em>H</em></span> <span class='ocrx_word' id='word_1_364' title='bbox 1010 1979 1033 2002; x_wconf 77' lang='lat' dir='ltr'>et</span> <span class='ocrx_word' id='word_1_365' title='bbox 1048 1977 1079 2002; x_wconf 80' lang='lat' dir='ltr'>in</span> <span class='ocrx_word' id='word_1_366' title='bbox 1093 1985 1147 2002; x_wconf 75' lang='lat' dir='ltr'>ras.</span> <span class='ocrx_word' id='word_1_367' title='bbox 1164 1976 1172 2001; x_wconf 81' lang='lat' dir='ltr'><em>l</em></span> <span class='ocrx_word' id='word_1_368' title='bbox 1186 1977 1195 2009; x_wconf 86' lang='grc'>11</span> <span class='ocrx_word' id='word_1_369' title='bbox 1210 1975 1274 2001; x_wconf 83' lang='lat' dir='ltr'>hinc</span> <span class='ocrx_word' id='word_1_370' title='bbox 1294 1975 1367 2001; x_wconf 86' lang='lat' dir='ltr'>enim</span> <span class='ocrx_word' id='word_1_371' title='bbox 1387 1975 1428 2001; x_wconf 79' lang='lat' dir='ltr'>est</span> <span class='ocrx_word' id='word_1_372' title='bbox 1442 1974 1515 2000; x_wconf 90' lang='lat' dir='ltr'>NL:</span> 
     </span>
     <span class='ocr_line' id='line_1_42' title="bbox 238 2010 1517 2045; baseline -0.003 -6"><span class='ocrx_word' id='word_1_373' title='bbox 238 2013 301 2039; x_wconf 84' lang='lat' dir='ltr'>hinc</span> <span class='ocrx_word' id='word_1_374' title='bbox 322 2012 394 2038; x_wconf 85' lang='lat' dir='ltr'>enim</span> <span class='ocrx_word' id='word_1_375' title='bbox 416 2012 515 2038; x_wconf 68' lang='lat' dir='ltr'>statius</span> <span class='ocrx_word' id='word_1_376' title='bbox 539 2012 564 2038; x_wconf 82' lang='lat' dir='ltr'><em>F</em></span> <span class='ocrx_word' id='word_1_377' title='bbox 591 2012 655 2039; x_wconf 83' lang='lat' dir='ltr'>hinc</span> <span class='ocrx_word' id='word_1_378' title='bbox 678 2013 719 2039; x_wconf 76' lang='lat' dir='ltr'>est</span> <span class='ocrx_word' id='word_1_379' title='bbox 740 2013 768 2038; x_wconf 85' lang='lat' dir='ltr'><em>H</em></span> <span class='ocrx_word' id='word_1_380' title='bbox 797 2012 860 2038; x_wconf 86' lang='lat' dir='ltr'>hinc</span> <span class='ocrx_word' id='word_1_381' title='bbox 881 2014 923 2038; x_wconf 78' lang='lat' dir='ltr'>est</span> <span class='ocrx_word' id='word_1_382' title='bbox 942 2011 1016 2038; x_wconf 83' lang='lat' dir='ltr'>euim</span> <span class='ocrx_word' id='word_1_383' title='bbox 1037 2012 1073 2038; x_wconf 90' lang='lat' dir='ltr'><em>M</em></span> <span class='ocrx_word' id='word_1_384' title='bbox 1092 2013 1101 2045; x_wconf 93' lang='grc'>11</span> <span class='ocrx_word' id='word_1_385' title='bbox 1132 2015 1162 2037; x_wconf 77' lang='lat'>12</span> <span class='ocrx_word' id='word_1_386' title='bbox 1183 2010 1331 2044; x_wconf 84' lang='lat' dir='ltr'>montium]</span> <span class='ocrx_word' id='word_1_387' title='bbox 1357 2010 1385 2036; x_wconf 89' lang='lat' dir='ltr'>id</span> <span class='ocrx_word' id='word_1_388' title='bbox 1405 2011 1448 2036; x_wconf 81' lang='lat' dir='ltr'>est</span> <span class='ocrx_word' id='word_1_389' title='bbox 1468 2018 1517 2044; x_wconf 81' lang='lat' dir='ltr'>per</span> 
     </span>
     <span class='ocr_line' id='line_1_43' title="bbox 239 2045 1514 2081; baseline -0.003 -6"><span class='ocrx_word' id='word_1_390' title='bbox 239 2048 429 2075; x_wconf 77' lang='lat' dir='ltr'>circuitionem</span> <span class='ocrx_word' id='word_1_391' title='bbox 452 2050 482 2074; x_wconf 87' lang='lat' dir='ltr'>ut</span> <span class='ocrx_word' id='word_1_392' title='bbox 501 2049 597 2081; x_wconf 60' lang='lat' dir='ltr'>(fleury.</span> <span class='ocrx_word' id='word_1_393' title='bbox 619 2049 641 2074; x_wconf 91' lang='lat' dir='ltr'>ll</span> <span class='ocrx_word' id='word_1_394' title='bbox 664 2050 726 2075; x_wconf 53' lang='lat'>³20)</span> <span class='ocrx_word' id='word_1_395' title='bbox 755 2048 885 2074; x_wconf 75' lang='lat' dir='ltr'>‘eandida</span> <span class='ocrx_word' id='word_1_396' title='bbox 904 2047 982 2074; x_wconf 84' lang='lat' dir='ltr'>venit</span> <span class='ocrx_word' id='word_1_397' title='bbox 1001 2047 1060 2074; x_wconf 85' lang='lat' dir='ltr'>avis</span> <span class='ocrx_word' id='word_1_398' title='bbox 1080 2047 1171 2080; x_wconf 80' lang='lat' dir='ltr'>longis</span> <span class='ocrx_word' id='word_1_399' title='bbox 1190 2046 1281 2073; x_wconf 83' lang='lat' dir='ltr'>invisa</span> <span class='ocrx_word' id='word_1_400' title='bbox 1299 2045 1430 2072; x_wconf 81' lang='lat' dir='ltr'>colubris&#39;</span> <span class='ocrx_word' id='word_1_401' title='bbox 1453 2045 1514 2072; x_wconf 74' lang='lat' dir='ltr'>add.</span> 
     </span>
     <span class='ocr_line' id='line_1_44' title="bbox 242 2081 1516 2118; baseline -0.003 -8"><span class='ocrx_word' id='word_1_402' title='bbox 242 2085 267 2110; x_wconf 88' lang='grc' dir='ltr'>Ι)</span> <span class='ocrx_word' id='word_1_403' title='bbox 290 2085 299 2118; x_wconf 92' lang='grc'>11</span> <span class='ocrx_word' id='word_1_404' title='bbox 330 2088 360 2110; x_wconf 79' lang='lat'>13</span> <span class='ocrx_word' id='word_1_405' title='bbox 385 2083 490 2117; x_wconf 69' lang='lat' dir='ltr'>poi-init]</span> <span class='ocrx_word' id='word_1_406' title='bbox 517 2093 577 2109; x_wconf 68' lang='lat' dir='ltr'>vum</span> <span class='ocrx_word' id='word_1_407' title='bbox 599 2093 645 2110; x_wconf 67' lang='lat' dir='ltr'>aer</span> <span class='ocrx_word' id='word_1_408' title='bbox 665 2084 779 2110; x_wconf 79' lang='lat' dir='ltr'>inferior</span> <span class='ocrx_word' id='word_1_409' title='bbox 804 2083 851 2116; x_wconf 79' lang='lat' dir='ltr'>sit,</span> <span class='ocrx_word' id='word_1_410' title='bbox 876 2084 984 2116; x_wconf 76' lang='lat' dir='ltr'>aether,</span> <span class='ocrx_word' id='word_1_411' title='bbox 1012 2083 1038 2109; x_wconf 87' lang='lat' dir='ltr'>id</span> <span class='ocrx_word' id='word_1_412' title='bbox 1059 2084 1102 2109; x_wconf 77' lang='lat' dir='ltr'>est</span> <span class='ocrx_word' id='word_1_413' title='bbox 1120 2083 1206 2116; x_wconf 85' lang='lat' dir='ltr'>ignis,</span> <span class='ocrx_word' id='word_1_414' title='bbox 1230 2082 1355 2116; x_wconf 79' lang='lat' dir='ltr'>superior</span> <span class='ocrx_word' id='word_1_415' title='bbox 1378 2082 1441 2107; x_wconf 71' lang='lat' dir='ltr'>add.</span> <span class='ocrx_word' id='word_1_416' title='bbox 1462 2081 1490 2107; x_wconf 83' lang='grc' dir='ltr'>Ι)</span> <span class='ocrx_word' id='word_1_417' title='bbox 1514 2088 1516 2113; x_wconf 73' lang='grc'>1</span> 
     </span>
     <span class='ocr_line' id='line_1_45' title="bbox 241 2115 1516 2153; baseline -0.003 -7"><span class='ocrx_word' id='word_1_418' title='bbox 241 2124 271 2146; x_wconf 84' lang='grc'>14</span> <span class='ocrx_word' id='word_1_419' title='bbox 288 2120 483 2146; x_wconf 78' lang='lat' dir='ltr'>humectantur</span> <span class='ocrx_word' id='word_1_420' title='bbox 501 2119 521 2144; x_wconf 72' lang='lat' dir='ltr'>l.</span> <span class='ocrx_word' id='word_1_421' title='bbox 533 2120 565 2144; x_wconf 78' lang='lat' dir='ltr'><em>M</em></span> <span class='ocrx_word' id='word_1_422' title='bbox 589 2121 746 2146; x_wconf 48' lang='lat' dir='ltr'>uinci—tatur</span> <span class='ocrx_word' id='word_1_423' title='bbox 762 2119 793 2146; x_wconf 86' lang='lat' dir='ltr'>II</span> <span class='ocrx_word' id='word_1_424' title='bbox 804 2121 813 2153; x_wconf 88' lang='grc' dir='ltr'>ΙΙ</span> <span class='ocrx_word' id='word_1_425' title='bbox 831 2122 861 2145; x_wconf 83' lang='lat'>18</span> <span class='ocrx_word' id='word_1_426' title='bbox 877 2119 1044 2146; x_wconf 82' lang='lat' dir='ltr'>conmendat</span> <span class='ocrx_word' id='word_1_427' title='bbox 1060 2119 1095 2145; x_wconf 89' lang='lat' dir='ltr'><em>M</em></span> <span class='ocrx_word' id='word_1_428' title='bbox 1108 2120 1116 2152; x_wconf 92' lang='grc'>11</span> <span class='ocrx_word' id='word_1_429' title='bbox 1131 2122 1164 2144; x_wconf 80' lang='grc'>20</span> <span class='ocrx_word' id='word_1_430' title='bbox 1180 2127 1234 2151; x_wconf 75' lang='lat' dir='ltr'>qua</span> <span class='ocrx_word' id='word_1_431' title='bbox 1249 2117 1280 2144; x_wconf 91' lang='lat' dir='ltr'><em>N</em></span> <span class='ocrx_word' id='word_1_432' title='bbox 1291 2119 1300 2151; x_wconf 91' lang='grc'>11</span> <span class='ocrx_word' id='word_1_433' title='bbox 1317 2117 1471 2143; x_wconf 84' lang='lat' dir='ltr'>nautiorum</span> <span class='ocrx_word' id='word_1_434' title='bbox 1486 2115 1516 2142; x_wconf 89' lang='lat' dir='ltr'><em>H</em></span> 
     </span>
    </p>

    <p class='ocr_par' dir='ltr' id='par_1_19' title="bbox 241 2171 1518 2404">
     <span class='ocr_line' id='line_1_46' title="bbox 312 2171 324 2184; baseline 0 0"><span class='ocrx_word' id='word_1_435' title='bbox 312 2171 324 2184; x_wconf 82' lang='lat'>0</span> 
     </span>
     <span class='ocr_line' id='line_1_47' title="bbox 241 2188 1514 2223; baseline -0.004 -5"><span class='ocrx_word' id='word_1_436' title='bbox 241 2192 396 2218; x_wconf 84' lang='lat' dir='ltr'>nautiorum</span> <span class='ocrx_word' id='word_1_437' title='bbox 418 2191 446 2216; x_wconf 87' lang='lat' dir='ltr'><strong><em>N</em></strong></span> <span class='ocrx_word' id='word_1_438' title='bbox 474 2192 620 2216; x_wconf 80' lang='lat' dir='ltr'>nautarum</span> <span class='ocrx_word' id='word_1_439' title='bbox 640 2191 694 2216; x_wconf 58' lang='lat'>1³1.</span> <span class='ocrx_word' id='word_1_440' title='bbox 714 2191 769 2223; x_wconf 49' lang='lat' dir='ltr'>gsesl</span> <span class='ocrx_word' id='word_1_441' title='bbox 789 2191 903 2216; x_wconf 70' lang='lat' dir='ltr'>alterum</span> <span class='ocrx_word' id='word_1_442' title='bbox 923 2199 939 2216; x_wconf 82' lang='lat' dir='ltr'>a</span> <span class='ocrx_word' id='word_1_443' title='bbox 960 2191 988 2215; x_wconf 62' lang='lat' dir='ltr'>ivi</span> <span class='ocrx_word' id='word_1_444' title='bbox 1008 2198 1061 2216; x_wconf 75' lang='lat' dir='ltr'>ras.</span> <span class='ocrx_word' id='word_1_445' title='bbox 1077 2191 1095 2219; x_wconf 79' lang='lat' dir='ltr'>l)</span> <span class='ocrx_word' id='word_1_446' title='bbox 1117 2189 1262 2215; x_wconf 82' lang='lat' dir='ltr'>nantorum</span> <span class='ocrx_word' id='word_1_447' title='bbox 1280 2188 1334 2222; x_wconf 90' lang='grc' dir='ltr'>ΜΙΙ</span> <span class='ocrx_word' id='word_1_448' title='bbox 1349 2191 1381 2214; x_wconf 75' lang='lat'>23</span> <span class='ocrx_word' id='word_1_449' title='bbox 1401 2188 1514 2214; x_wconf 78' lang='lat' dir='ltr'>antono-</span> 
     </span>
     <span class='ocr_line' id='line_1_48' title="bbox 242 2223 1515 2261; baseline -0.003 -9"><span class='ocrx_word' id='word_1_450' title='bbox 242 2227 348 2253; x_wconf 72' lang='lat' dir='ltr'>mm-iva</span> <span class='ocrx_word' id='word_1_451' title='bbox 367 2227 459 2261; x_wconf 74' lang='lat' dir='ltr'>posuit</span> <span class='ocrx_word' id='word_1_452' title='bbox 485 2227 562 2259; x_wconf 66' lang='grc' dir='ltr'><em>ιἰιΙῃυ</em></span> <span class='ocrx_word' id='word_1_453' title='bbox 590 2227 598 2259; x_wconf 92' lang='grc' dir='ltr'>ΙΙ</span> <span class='ocrx_word' id='word_1_454' title='bbox 626 2227 662 2251; x_wconf 80' lang='lat' dir='ltr'>ad</span> <span class='ocrx_word' id='word_1_455' title='bbox 683 2235 703 2253; x_wconf 61' lang='grc' dir='ltr'>ι’,</span> <span class='ocrx_word' id='word_1_456' title='bbox 727 2230 776 2252; x_wconf 85' lang='grc'>704</span> <span class='ocrx_word' id='word_1_457' title='bbox 798 2227 827 2251; x_wconf 70' lang='lat' dir='ltr'>in</span> <span class='ocrx_word' id='word_1_458' title='bbox 848 2235 929 2259; x_wconf 63' lang='lat' dir='ltr'>musy.</span> <span class='ocrx_word' id='word_1_459' title='bbox 952 2226 1036 2251; x_wconf 85' lang='lat' dir='ltr'>triton</span> <span class='ocrx_word' id='word_1_460' title='bbox 1058 2225 1137 2258; x_wconf 62' lang='lat' dir='ltr'>palus</span> <span class='ocrx_word' id='word_1_461' title='bbox 1157 2227 1199 2250; x_wconf 74' lang='lat' dir='ltr'>est</span> <span class='ocrx_word' id='word_1_462' title='bbox 1218 2224 1320 2250; x_wconf 75' lang='lat' dir='ltr'>africae</span> <span class='ocrx_word' id='word_1_463' title='bbox 1340 2223 1413 2250; x_wconf 79' lang='lat' dir='ltr'>circa</span> <span class='ocrx_word' id='word_1_464' title='bbox 1433 2231 1515 2256; x_wconf 72' lang='lat' dir='ltr'>quam</span> 
     </span>
     <span class='ocr_line' id='line_1_49' title="bbox 242 2258 1515 2295; baseline -0.003 -8"><span class='ocrx_word' id='word_1_465' title='bbox 242 2262 372 2295; x_wconf 68' lang='lat' dir='ltr'>uirginali</span> <span class='ocrx_word' id='word_1_466' title='bbox 393 2263 480 2288; x_wconf 66' lang='lat' dir='ltr'>fertur</span> <span class='ocrx_word' id='word_1_467' title='bbox 500 2262 661 2295; x_wconf 63' lang='lat' dir='ltr'>apsmruissu·</span> <span class='ocrx_word' id='word_1_468' title='bbox 682 2263 774 2288; x_wconf 60' lang='lat' dir='ltr'>aetate</span> <span class='ocrx_word' id='word_1_469' title='bbox 796 2261 920 2288; x_wconf 72' lang='lat' dir='ltr'>minei-ua</span> <span class='ocrx_word' id='word_1_470' title='bbox 940 2262 1003 2287; x_wconf 71' lang='lat' dir='ltr'>indo</span> <span class='ocrx_word' id='word_1_471' title='bbox 1023 2261 1145 2287; x_wconf 83' lang='lat' dir='ltr'>tritonia.</span> <span class='ocrx_word' id='word_1_472' title='bbox 1187 2260 1274 2294; x_wconf 82' lang='lat' dir='ltr'>pallas</span> <span class='ocrx_word' id='word_1_473' title='bbox 1294 2259 1329 2285; x_wconf 75' lang='lat' dir='ltr'>ub</span> <span class='ocrx_word' id='word_1_474' title='bbox 1349 2258 1439 2284; x_wconf 81' lang='lat' dir='ltr'>insula</span> <span class='ocrx_word' id='word_1_475' title='bbox 1459 2259 1515 2291; x_wconf 78' lang='lat' dir='ltr'>pal-</span> 
     </span>
     <span class='ocr_line' id='line_1_50' title="bbox 243 2294 1518 2332; baseline -0.004 -9"><span class='ocrx_word' id='word_1_476' title='bbox 243 2299 302 2324; x_wconf 57' lang='lat' dir='ltr'>lene</span> <span class='ocrx_word' id='word_1_477' title='bbox 323 2300 354 2323; x_wconf 85' lang='lat' dir='ltr'>ut</span> <span class='ocrx_word' id='word_1_478' title='bbox 375 2299 467 2332; x_wconf 70' lang='lat' dir='ltr'>placet</span> <span class='ocrx_word' id='word_1_479' title='bbox 486 2297 650 2331; x_wconf 70' lang='lat' dir='ltr'>quibusdam</span> <span class='ocrx_word' id='word_1_480' title='bbox 673 2297 697 2323; x_wconf 83' lang='lat' dir='ltr'>in</span> <span class='ocrx_word' id='word_1_481' title='bbox 719 2297 826 2323; x_wconf 76' lang='lat' dir='ltr'>thracia</span> <span class='ocrx_word' id='word_1_482' title='bbox 847 2298 891 2323; x_wconf 83' lang='lat' dir='ltr'>ubi</span> <span class='ocrx_word' id='word_1_483' title='bbox 912 2297 1018 2323; x_wconf 77' lang='lat' dir='ltr'>nutrita</span> <span class='ocrx_word' id='word_1_484' title='bbox 1037 2299 1079 2322; x_wconf 84' lang='lat' dir='ltr'>est</span> <span class='ocrx_word' id='word_1_485' title='bbox 1103 2297 1125 2321; x_wconf 73' lang='lat' dir='ltr'>T</span> <span class='ocrx_word' id='word_1_486' title='bbox 1138 2298 1147 2330; x_wconf 89' lang='grc'>11</span> <span class='ocrx_word' id='word_1_487' title='bbox 1162 2299 1195 2322; x_wconf 76' lang='grc'>24</span> <span class='ocrx_word' id='word_1_488' title='bbox 1215 2304 1268 2329; x_wconf 83' lang='lat' dir='ltr'>apo</span> <span class='ocrx_word' id='word_1_489' title='bbox 1288 2296 1328 2320; x_wconf 75' lang='lat' dir='ltr'>tes</span> <span class='ocrx_word' id='word_1_490' title='bbox 1348 2295 1437 2319; x_wconf 64' lang='lat' dir='ltr'>metes</span> <span class='ocrx_word' id='word_1_491' title='bbox 1452 2294 1518 2319; x_wconf 87' lang='lat' dir='ltr'>NH</span> 
     </span>
     <span class='ocr_line' id='line_1_51' title="bbox 243 2329 1517 2367; baseline -0.003 -8"><span class='ocrx_word' id='word_1_492' title='bbox 243 2343 295 2367; x_wconf 77' lang='lat' dir='ltr'>apo</span> <span class='ocrx_word' id='word_1_493' title='bbox 317 2335 352 2360; x_wconf 67' lang='lat' dir='ltr'>tie</span> <span class='ocrx_word' id='word_1_494' title='bbox 372 2334 471 2367; x_wconf 69' lang='lat' dir='ltr'>:trfflses</span> <span class='ocrx_word' id='word_1_495' title='bbox 495 2334 515 2358; x_wconf 73' lang='lat'>1.</span> <span class='ocrx_word' id='word_1_496' title='bbox 541 2336 612 2366; x_wconf 62' lang='lat' dir='ltr'>(mnu</span> <span class='ocrx_word' id='word_1_497' title='bbox 633 2342 676 2358; x_wconf 59' lang='grc' dir='ltr'>ἰεν</span> <span class='ocrx_word' id='word_1_498' title='bbox 698 2343 763 2359; x_wconf 67' lang='grc' dir='ltr'><strong>Λι-ιιν</strong></span> <span class='ocrx_word' id='word_1_499' title='bbox 784 2332 810 2358; x_wconf 81' lang='lat' dir='ltr'>id</span> <span class='ocrx_word' id='word_1_500' title='bbox 832 2335 873 2358; x_wconf 62' lang='lat' dir='ltr'>vrit</span> <span class='ocrx_word' id='word_1_501' title='bbox 892 2342 908 2358; x_wconf 83' lang='lat' dir='ltr'>a</span> <span class='ocrx_word' id='word_1_502' title='bbox 928 2333 1030 2358; x_wconf 76' lang='lat' dir='ltr'>uirtute</span> <span class='ocrx_word' id='word_1_503' title='bbox 1051 2333 1079 2358; x_wconf 73' lang='lat' dir='ltr'>in</span> <span class='ocrx_word' id='word_1_504' title='bbox 1099 2340 1182 2365; x_wconf 66' lang='lat' dir='ltr'>mara.</span> <span class='ocrx_word' id='word_1_505' title='bbox 1205 2332 1223 2361; x_wconf 83' lang='lat' dir='ltr'>l)</span> <span class='ocrx_word' id='word_1_506' title='bbox 1248 2338 1301 2364; x_wconf 78' lang='lat' dir='ltr'>apo</span> <span class='ocrx_word' id='word_1_507' title='bbox 1326 2329 1386 2355; x_wconf 59' lang='lat' dir='ltr'>then</span> <span class='ocrx_word' id='word_1_508' title='bbox 1406 2329 1517 2356; x_wconf 55' lang='lat' dir='ltr'>arr—thes</span> 
     </span>
     <span class='ocr_line' id='line_1_52' title="bbox 248 2365 1517 2404; baseline -0.004 -8"><span class='ocrx_word' id='word_1_509' title='bbox 248 2370 278 2396; x_wconf 81' lang='lat' dir='ltr'><em>M</em></span> <span class='ocrx_word' id='word_1_510' title='bbox 293 2371 301 2403; x_wconf 88' lang='grc'>11</span> <span class='ocrx_word' id='word_1_511' title='bbox 318 2373 349 2396; x_wconf 71' lang='lat'>25</span> <span class='ocrx_word' id='word_1_512' title='bbox 371 2369 429 2396; x_wconf 58' lang='lat' dir='ltr'>laun</span> <span class='ocrx_word' id='word_1_513' title='bbox 450 2378 498 2396; x_wconf 86' lang='lat' dir='ltr'>om.</span> <span class='ocrx_word' id='word_1_514' title='bbox 517 2369 565 2403; x_wconf 78' lang='lat' dir='ltr'>Fu</span> <span class='ocrx_word' id='word_1_515' title='bbox 580 2368 701 2404; x_wconf 78' lang='lat' dir='ltr'>consilii]</span> <span class='ocrx_word' id='word_1_516' title='bbox 724 2378 784 2395; x_wconf 85' lang='lat' dir='ltr'>cum</span> <span class='ocrx_word' id='word_1_517' title='bbox 806 2368 951 2395; x_wconf 71' lang='lat' dir='ltr'>consilium</span> <span class='ocrx_word' id='word_1_518' title='bbox 973 2367 1073 2394; x_wconf 81' lang='lat' dir='ltr'>divinis</span> <span class='ocrx_word' id='word_1_519' title='bbox 1093 2367 1238 2401; x_wconf 75' lang='lat' dir='ltr'>comparat</span> <span class='ocrx_word' id='word_1_520' title='bbox 1256 2365 1394 2400; x_wconf 67' lang='lat' dir='ltr'>responsis</span> <span class='ocrx_word' id='word_1_521' title='bbox 1414 2365 1476 2392; x_wconf 81' lang='lat' dir='ltr'>add.</span> <span class='ocrx_word' id='word_1_522' title='bbox 1489 2365 1517 2391; x_wconf 88' lang='lat' dir='ltr'><em>D</em></span> 
     </span>
    </p>
   </div>
  </div>
 </body>
</html>
