1690 2611
631 126 845 154 PRAEFATIO.
863 159 870 161 -
1273 124 1371 150 LXXV

99 211 295 252 optimarum
324 211 505 241 litterarum
542 209 647 240 studia
682 209 787 249 magis
822 207 990 248 magisque
1026 209 1235 248 evanuerunt,
1268 207 1371 247 pluris

99 265 302 296 aestimatam
327 275 397 295 esse
417 265 544 295 constat
573 273 668 304 quam
695 272 869 303 paucarum
885 261 1014 302 plenam
1036 262 1068 291 et
1088 260 1240 292 subtilem
1265 260 1372 301 cogni-

60 313 61 317 *
97 318 228 349 tionem.
240 316 262 359 ¹)
307 317 386 348 adde
411 317 496 358 quod
520 315 647 347 Servius
673 315 734 346 etsi
753 314 953 356 superiorum
973 316 1154 345 commenta
1178 325 1242 345 non
1266 314 1373 355 negle-

98 372 160 411 xit,
187 373 298 402 tamen
329 381 393 402 non
426 372 546 401 temere
577 380 687 400 eorum
723 367 950 399 auctoritatem
979 371 1106 398 secutus
1138 369 1199 407 est,
1231 368 1285 398 sed
1315 378 1372 398 suo

98 424 215 455 iudicio
240 436 316 455 usus
341 435 422 464 quae
445 423 495 454 illi
514 422 663 453 dixerunt
687 422 714 453 si
738 432 890 462 perversa
913 420 1106 451 videbantur
1130 421 1298 461 refutavit,
1323 421 1372 452 sin

99 478 293 519 probabilia,
325 478 364 508 ad
395 487 468 508 suas
498 476 641 507 rationes
672 475 914 506 accommodata
948 473 1077 514 recepit.
1120 473 1214 504 nobis
1245 474 1373 514 quidem

99 531 184 562 inter
208 532 295 562 illius
320 531 435 562 aetatis
461 530 635 570 scriptores
656 540 764 560 eorum
790 539 887 570 opera
911 528 1023 558 utilior
1046 527 1145 557 fuisse
1170 527 1295 558 videtur
1320 528 1372 568 qui

99 585 255 616 Macrobii
280 595 367 615 more
393 583 592 624 superiorum
613 583 712 614 libros
734 582 871 613 fideliter
891 581 1109 612 exscribentes
1130 581 1280 621 antiquae
1305 581 1374 611 doc-

99 639 204 670 trinae
229 637 416 669 memoriam
442 638 663 677 servaverunt,
687 647 789 677 neque
813 638 922 666 tamen
942 635 1017 666 illos
1038 647 1056 665 a
1081 635 1147 665 suis
1172 636 1374 675 contemptos

100 702 168 722 esse
188 691 368 732 putandum
392 692 454 728 est,
480 690 533 731 qui
559 701 689 721 suorum
713 692 895 730 temporum
920 688 1039 719 rationi
1069 699 1104 719 ac
1135 687 1295 718 voluntati
1320 688 1373 718 ob-

101 746 361 785 temperaverunt
386 746 417 775 et
431 743 493 784 ipsi
510 754 622 784 sapere
639 743 708 774 ausi
725 745 806 774 sunt.
849 742 986 783 denique
1010 753 1048 772 ne
1074 741 1104 772 id
1121 741 1269 772 omittam
1291 741 1375 782 quod

100 809 260 829 summum
291 797 432 838 videtur,
462 797 495 827 iu
527 797 740 838 grammatica
771 798 855 837 arte,
888 807 970 837 quae
1003 796 1131 836 proprie
1163 795 1294 835 dicitur,
1326 794 1376 825 cui

100 850 282 892 Vergiliani
306 861 432 892 quoque
457 851 679 882 commentarii
709 860 828 891 magua
852 861 927 890 pars
953 849 1027 880 data
1056 851 1117 890 est,
1143 848 1270 880 Servius
1295 859 1334 879 ne
1359 859 1377 878 a

100 903 228 936 Donato
254 904 396 945 quidem,
425 915 462 935 eo
487 904 536 935 cui
565 905 738 945 plurimum
764 903 969 934 auctoritatis
998 902 1055 933 illa
1083 904 1190 933 aetate
1219 902 1376 932 tributum

101 969 170 989 esse
195 959 338 999 constat,
363 959 542 998 superatur.
579 959 748 998 poetarum
765 959 872 988 autem
888 957 1062 988 latinorum
1079 966 1259 987 sermonem
1281 966 1377 996 quam

101 1012 201 1052 probe
226 1011 391 1052 cognitum
415 1011 566 1042 habuerit
594 1022 658 1042 non
683 1011 788 1042 solum
813 1010 944 1041 scholiis
970 1010 1010 1041 ad
1039 1021 1109 1041 eam
1137 1020 1205 1040 rem
1234 1010 1378 1050 spectan-

100 1065 188 1096 tibus
213 1064 408 1105 ostenditur,
433 1064 488 1095 sed
513 1065 609 1096 etiam
635 1076 745 1096 versus
770 1064 819 1095 illi
850 1066 950 1096 testes
976 1066 1064 1105 sunt,
1096 1063 1212 1104 quibus
1241 1062 1277 1093 de
1308 1073 1377 1093 cen-

101 1120 169 1150 tum
194 1117 305 1149 metris
334 1119 507 1159 praecepta
535 1118 737 1159 inlustravit,
767 1129 847 1159 quos
877 1117 917 1149 ab
946 1118 1016 1158 ipso
1041 1118 1191 1149 inventos
1221 1127 1289 1147 esse
1319 1115 1378 1146 Lu-

101 1172 211 1203 cianus
235 1170 408 1202 Muellerus
442 1169 562 1207 (annal.
587 1171 698 1212 philol.
724 1172 784 1203 vol.
809 1172 850 1202 93
881 1183 910 1212 p.
935 1172 999 1202 5⁴33
1016 1170 1076 1213 sq.)
1111 1170 1260 1201 ostendit.
1296 1180 1377 1210 quae

101 1236 173 1256 cum
198 1225 244 1256 ita
269 1225 348 1265 sint,
373 1224 468 1255 modo
493 1224 694 1256 Macrobium
719 1236 756 1256 ex
782 1236 857 1256 suae
882 1225 997 1256 aetatis
1017 1224 1197 1256 rationibus
1222 1223 1378 1254 iudicasse

101 1277 271 1319 concedas,
294 1278 327 1309 in
351 1278 421 1319 ipso
447 1278 593 1310 breviore
618 1279 850 1310 commentario
875 1279 1012 1309 inveniri
1029 1278 1114 1309 dices
1130 1288 1211 1318 quae
1236 1278 1304 1308 iure
1324 1276 1378 1307 ille

102 1331 282 1363 laudavisse
306 1331 461 1362 videatur.

191 1384 260 1422 Quo
285 1384 405 1416 factum
431 1385 474 1416 sit
503 1386 538 1416 ut
567 1385 662 1416 medii
689 1385 758 1416 aevi
782 1385 930 1416 homines
961 1383 1150 1415 Servianum
1181 1384 1374 1414 commenta-

102 1439 186 1469 rium
211 1438 320 1479 magni
345 1438 503 1468 haberent
528 1440 623 1478 atque
647 1449 741 1479 saepe
767 1438 1011 1469 describendum
1041 1439 1204 1477 curarent,
1237 1447 1307 1467 cum
1333 1447 1379 1466 ra-

103 1492 207 1523 tiones
232 1491 299 1522 eius
325 1502 421 1532 supra
446 1492 610 1531 expositae
637 1491 715 1531 sint,
738 1502 803 1522 non
829 1494 878 1522 est
903 1491 986 1532 quod
1007 1491 1066 1521 hoc
1090 1491 1160 1521 loco
1182 1489 1292 1520 multis
1312 1500 1377 1519 ver·

103 1545 152 1575 bis
178 1544 367 1585 explicetur,
391 1544 452 1575 hoc
476 1555 576 1575 unum
602 1544 781 1576 addendum
807 1547 869 1585 est,
899 1556 964 1575 non
989 1544 1089 1575 videri
1114 1543 1258 1574 futurum
1282 1542 1380 1573 fuisse

103 1599 139 1628 ut
162 1599 342 1629 ceterorum
371 1598 593 1629 commentarii
625 1609 701 1639 prae
733 1597 886 1629 Serviano
916 1598 1179 1639 neglegerentur,
1208 1596 1269 1627 nisi
1299 1606 1379 1636 quac

104 1651 136 1681 in
160 1651 226 1681 illis
252 1650 290 1681 ad
315 1651 503 1692 popularem
532 1654 568 1682 ut
592 1651 638 1682 ita
667 1651 770 1682 dicam
795 1651 1058 1692 Vergilianorum
1083 1650 1260 1681 carminum
1286 1649 1380 1679 inter-

104 1704 319 1745 pretationem
353 1704 551 1745 pertinerent
585 1704 714 1736 Servius
748 1705 817 1745 ipse
852 1705 885 1735 in
917 1716 1009 1735 suum
1038 1715 1130 1735 usum
1160 1702 1380 1734 convertisset.

103 1769 179 1789 nam
203 1759 239 1789 ut
262 1757 391 1788 mittam
416 1768 496 1798 quae
521 1768 619 1799 supra
644 1756 687 1799 (p.
712 1757 756 1799 V)
786 1757 823 1788 (le
854 1758 1037 1799 pleniorum
1062 1757 1219 1788 librorum
1251 1755 1378 1796 supple-

104 1811 221 1842 mentis
246 1810 324 1851 dixi,
349 1810 432 1841 inter
456 1810 658 1842 Veronensia
683 1811 804 1842 scholia
834 1811 919 1842 haud
948 1822 1051 1852 pauca
1075 1809 1236 1841 Servianis
1262 1808 1381 1839 similia

106 1865 189 1894 sunt.
232 1875 250 1894 a
273 1863 364 1894 nullo
389 1865 497 1895 autem
523 1865 722 1905 superiorum
743 1866 1034 1895 commentatorum
1059 1863 1152 1905 plura
1177 1861 1306 1893 Servius
1327 1872 1378 1902 pe-

107 1917 182 1947 tivit
205 1927 299 1957 quam
325 1916 365 1947 ab
390 1916 483 1948 Aelio
508 1917 651 1958 Donato,
676 1929 771 1959 quem
795 1918 864 1959 ipse
885 1918 1013 1959 saepius
1035 1928 1130 1958 quam
1152 1917 1276 1947 ceteros
1297 1925 1381 1945 com-

106 1969 296 2000 memoravit
320 1971 415 2010 atque
440 1970 485 2001 ita
506 1970 633 2011 quidem
652 1971 852 2012 plerumque,
878 1973 913 2001 ut
933 1970 1109 2001 sententias
1125 1969 1192 2000 eius
1217 1968 1382 1999 refutaret.

1394 1382 1428 1400 De
1449 1382 1521 1401 Servii

1389 1409 1527 1428 auctoribus.

107 2022 262 2063 adscripsi
288 2033 385 2063 supra
410 2020 453 2064 (p.
468 2021 544 2064 XV)
569 2022 761 2054 Turonensis
787 2023 905 2055 codicis
931 2023 1087 2054 scholium
1113 2033 1174 2063 quo
1192 2022 1270 2052 Aen.
1287 2020 1300 2051 I
1318 2021 1404 2057 179ἶ

107 2076 228 2107 Donati
263 2075 562 2116 interpretationem
598 2087 616 2106 a
650 2075 760 2107 Servio
794 2077 979 2118 impugnari
1015 2076 1203 2107 ostenditur.
1246 2074 1381 2106 Momm-

108 2127 235 2171 senus2)
267 2128 345 2159 haec
375 2128 467 2159 Pauli
500 2128 588 2170 (hist.
612 2128 899 2170 Langobardorum
928 2129 959 2160 II
983 2130 1039 2171 23)
1072 2129 1172 2160 verba
1200 2131 1313 2159 certum
1341 2131 1384 2158 est

108 2184 208 2213 tamen
223 2182 387 2222 Liym·imn
401 2184 523 2222 partem
544 2181 684 2213 Venetiae
698 2182 851 2214 Emiliam
870 2193 985 2223 quoquc
999 2183 1033 2214 F
1035 2183 1257 2222 {miniamque
1276 2184 1383 2212 reteres-

183 2312 208 2343 1)
228 2309 311 2335 nimis
331 2317 423 2336 severe
444 2310 477 2335 de
497 2309 612 2343 vulgato
627 2308 828 2335 commentario
844 2309 979 2335 iudicavit
989 2309 1158 2336 Ribbeckius
1173 2309 1258 2343 praef.
1270 2318 1295 2342 p.
1311 2308 1390 2334 xlv.—

181 2351 206 2383 2)
227 2349 413 2375 Wattenbach
433 2356 517 2375 neues
539 2348 640 2374 Archiv
661 2348 683 2374 V
704 2357 730 2382 p.
751 2351 784 2374 55
805 2350 884 2375 Amn.
906 2353 928 2375 1.
