1690 2611
232 115 277 141 XL
761 116 973 144 PRAEFATIO.

235 196 313 228 doro
346 196 492 229 adhibita
523 209 591 230 esse
620 199 788 230 ostendam
820 199 858 231 de
889 199 999 241 paucis
1031 199 1191 241 originum
1221 200 1300 232 locis
1330 203 1509 234 accuratius

234 251 462 292 disputandum
495 253 544 283 est
574 252 629 294 qui
657 252 704 284 ita
732 252 903 294 compositi
932 255 1021 294 sunt,
1051 255 1088 285 ut
1118 253 1213 285 facile
1244 254 1315 295 quis
1346 257 1378 286 et
1408 255 1510 288 Servii

235 304 391 335 scholium
417 307 449 336 et
472 305 529 337 illa
553 306 715 348 exscripta
740 317 808 337 esse
835 306 920 338 dicat
945 318 1025 348 quae
1050 307 1083 338 in
1102 307 1301 348 plenioribus
1325 308 1417 340 libris
1438 320 1509 341 cum

235 369 271 389 eo
297 358 467 390 coniuncta
492 362 575 391 sunt.
614 361 709 402 atque
735 371 815 402 quae
839 359 983 392 Isidorus
1004 371 1048 392 or.
1067 359 1083 391 I
1102 360 1159 401 43,
1183 361 1204 392 4
1228 360 1265 392 de
1290 362 1454 393 annalium
1479 365 1511 394 et

234 411 390 443 historiae
416 412 596 445 differentia
619 414 700 445 dixit
724 414 803 445 inter
830 413 991 446 historiam
1015 416 1116 446 autem
1140 416 1168 446 et
1190 415 1320 446 annales
1342 414 1398 447 hoc
1419 416 1511 447 inter-

236 468 279 496 1:¹58
300 466 381 505 quod
402 466 532 498 historia
551 470 593 499 est
615 478 720 499 eorum
747 470 915 507 iemporum
933 478 1009 508 quae
1028 468 1174 509 vidimus,
1198 468 1328 499 annales
1351 479 1418 500 vero
1441 472 1513 500 sunt

235 529 340 550 eorum
355 530 510 552 annorum
525 531 599 561 quos
614 523 697 552 aetas
712 523 817 552 nostra
836 531 898 552 non
917 521 1013 552 novit:
1038 522 1117 553 mede
1132 521 1302 553 Sallustius
1321 532 1358 553 ex
1375 521 1514 564 historia,

235 573 345 604 Livius
355 572 376 613 ¹)
400 573 553 605 Eusebius
577 577 605 605 et
627 574 839 614 Hieronymus
858 584 893 605 ex
912 574 1078 606 annalibus
1097 577 1124 606 et
1146 575 1277 606 historia
1300 578 1449 616 constant,
1474 587 1511 607 ea

236 638 274 657 ex
299 626 402 658 Servii
427 627 466 658 ad
492 626 570 658 Aen.
594 627 609 657 I
634 626 697 658 373
723 626 848 658 scholio
874 626 1003 658 fluxisse
1032 627 1188 659 videntur.
1227 639 1302 659 nam
1331 640 1412 670 quae
1442 628 1513 661 Ser-

237 680 307 711 vius
333 679 345 719 ζ
349 692 378 721 p.
406 680 481 720 125,
506 680 562 722 20)
587 679 625 710 de
649 679 805 711 historiae
828 680 967 711 nominis
989 680 1112 722 origine
1133 681 1240 713 docuit
1264 682 1345 713 dicta
1368 679 1432 714 ἀπὸ
1453 683 1513 714 τοῦ

237 734 383 775 ἱστορεῖν
410 734 442 764 id
463 736 506 764 est
529 734 628 765 videre
653 733 739 774 quod
764 733 827 764 alio
853 733 923 764 loco
949 733 977 775 (I
1002 733 1058 774 40,
1086 733 1116 775 1)
1146 735 1186 766 ab
1209 735 1333 767 Isidoro
1359 736 1515 768 collocata

236 789 324 828 sunt,
355 787 386 818 id
419 798 483 818 non
515 786 670 818 abhorret
702 786 741 817 ab
774 786 841 818 eius
873 786 1112 819 consuetudine.
1154 799 1256 830 neque
1284 789 1364 820 illud
1397 790 1514 821 mirum

238 852 306 872 esse
330 842 439 882 potest
464 839 548 882 quod
574 840 766 871 Sallustium
791 852 810 871 a
834 839 945 871 Servio
971 840 1125 872 omissum
1150 843 1285 883 exempli
1310 853 1407 874 causa
1431 854 1514 875 com-

238 895 445 926 memoravit:
470 894 537 926 eius
563 894 647 925 enim
672 894 772 925 libros
797 894 867 934 ipse
892 894 973 935 legit
998 895 1030 925 et
1053 895 1224 935 exscripsit
1253 894 1304 938 (cf.
1334 895 1515 928 Dresselius

237 949 256 980 l.
281 948 301 980 l.
326 960 355 989 p.
379 948 443 979 :218
469 946 562 990 sqq).
605 959 707 989 neque
736 949 845 979 tamen
874 947 1051 989 integriore
1081 947 1185 979 Servii
1215 949 1389 990 exemplari
1415 950 1514 981 Isido-

238 1014 308 1033 rum
336 1013 428 1033 usum
454 1013 523 1033 esse
549 1002 687 1033 concedo
713 1002 798 1043 quod
822 1002 855 1032 in
881 1001 926 1032 eis
948 1012 1028 1042 quae
1048 1001 1085 1033 de
1105 1002 1184 1043 ipsis
1205 1002 1375 1034 annalibus
1397 1004 1429 1034 et
1446 1003 1517 1044 ipsa

238 1056 375 1087 historia
399 1056 455 1096 43,
480 1057 499 1087 3
525 1057 557 1087 et
581 1056 600 1086 4
625 1055 668 1087 in.
697 1055 884 1096 exposuerit
913 1055 1068 1096 quaedam
1097 1055 1303 1086 inveniantur
1332 1067 1412 1097 quae
1441 1055 1518 1088 Cas-

239 1110 362 1141 sellano
387 1110 426 1141 ad
451 1121 478 1140 v.
503 1110 567 1140 373
593 1109 716 1140 scholio
741 1120 806 1140 non
826 1108 997 1140 dissimilia
1021 1107 1127 1150 sint.²)
1164 1109 1263 1141 immo
1284 1120 1321 1140 ea
1341 1120 1421 1150 quae
1441 1108 1518 1141 Cas²

239 1164 380 1195 sellanus
405 1174 486 1194 unus
511 1163 630 1194 habeat
659 1174 677 1194 a
703 1162 813 1194 Servio
838 1161 982 1203 profecta
1012 1173 1082 1193 esse
1112 1162 1309 1194 confidenter
1333 1173 1425 1204 nego.
1464 1164 1518 1204 qni

239 1228 310 1248 cum
334 1228 392 1258 pro
417 1217 555 1248 historia
579 1216 713 1248 annales
733 1215 915 1257 Vergilium
934 1216 1080 1257 posuisse
1105 1218 1247 1258 censeat,
1272 1217 1366 1257 plane
1392 1218 1517 1248 contra-

239 1271 321 1302 rium
347 1273 396 1302 est
434 1271 517 1311 quod
547 1271 628 1302 alter
658 1269 848 1302 scholiastes
878 1269 949 1301 ideo
982 1269 1113 1300 annales
1138 1281 1157 1301 a
1180 1271 1277 1310 poeta
1305 1269 1433 1301 Aeneae
1462 1271 1517 1302 tri-

240 1325 334 1356 butos
359 1335 428 1356 esse
453 1324 546 1356 docet
570 1324 654 1366 quod
679 1324 706 1355 is
732 1326 898 1365 tamquam
922 1323 1069 1364 pontifex
1089 1324 1247 1354 maximus
1272 1323 1379 1355 induci
1404 1324 1517 1367 soleat,

240 1390 259 1410 a
283 1390 345 1420 quo
371 1378 527 1409 maximos
548 1378 684 1409 *annales
710 1377 873 1408 confectos
902 1388 970 1408 esse
999 1378 1134 1408 constet.
1171 1377 1251 1408 haec
1280 1388 1317 1408 ex
1345 1377 1427 1408 libro
1451 1377 1518 1419 illo,

241 1433 328 1464 euius
345 1433 570 1474 argumentum
588 1444 617 1473 p.
633 1430 758 1462 XXVII
779 1431 971 1462 adumbrare
992 1432 1124 1462 conatus
1145 1441 1229 1471 sum,
1247 1431 1351 1472 petita
1370 1441 1438 1462 esse
1453 1430 1519 1462 Ma-

241 1486 341 1518 crobii
366 1486 486 1526 verbis,
511 1496 592 1526 quae
618 1484 683 1516 Sat.
699 1484 747 1516 III
763 1485 798 1525 2,
817 1485 854 1515 17
875 1484 989 1525 habes,
1014 1484 1202 1516 ostenditur.
1239 1484 1519 1525 praestantissima

242 1542 350 1571 autem
382 1539 440 1570 illa
470 1539 508 1570 de
540 1539 705 1570 annalium
731 1538 1001 1569 conficiendorum
1031 1537 1158 1569 ratione
1190 1538 1345 1570 memoria
1374 1549 1439 1569 non
1470 1539 1519 1569 est

242 1594 282 1625 ad
307 1605 377 1625 eum
403 1594 508 1635 ipsum
533 1593 587 1634 qui
612 1592 731 1623 librum
756 1591 847 1623 illum
873 1591 1053 1632 composuit
1082 1590 1262 1632 referenda,
1291 1590 1346 1622 sed
1374 1590 1413 1622 ad
1438 1591 1518 1622 anti-

243 1648 389 1690 quiorem
414 1646 572 1688 quendam
598 1645 801 1687 scriptorem,
826 1656 888 1687 quo
908 1645 936 1676 is
957 1647 1122 1686 tamquam
1142 1646 1224 1676 teste
1249 1655 1325 1675 usus
1350 1646 1408 1675 est.
1446 1655 1518 1675 eun-

243 1702 315 1733 dem
341 1702 380 1733 ab
410 1700 527 1732 Isidori
558 1702 702 1740 auctore,
727 1710 791 1730 non
820 1699 860 1730 ab
890 1699 959 1740 ipso
989 1698 1112 1730 Isidoro
1141 1698 1321 1729 adhibitum
1350 1708 1419 1729 esse
1447 1709 1519 1739 pro-

244 1756 395 1788 babiliter
415 1755 524 1786 videor
543 1754 695 1785 conicere.
733 1754 836 1784 restat
856 1754 891 1783 ut
911 1763 1159 1784 commemorem
1179 1752 1216 1783 de
1236 1751 1416 1782 discrimine
1436 1751 1521 1792 quod

246 1810 329 1841 inter
353 1808 526 1839 historiam
552 1809 583 1838 et
607 1808 834 1848 argumentum
859 1808 891 1837 ct
915 1805 1058 1837 fabulam
1079 1816 1148 1837 esse
1167 1805 1313 1836 rhetores
1339 1807 1522 1836 statuerunt

245 1862 298 1905 (cf.
315 1862 435 1895 Cornif.
460 1862 541 1893 rhet.
566 1861 605 1892 ad
630 1860 663 1892 C.
688 1860 828 1891 Herenn.
854 1859 868 1890 Ι
894 1860 922 1900 8,
950 1859 988 1890 13
1014 1860 1045 1890 et
1069 1858 1133 1890 Cic.
1158 1858 1185 1890 d.
1210 1858 1329 1890 invent.
1350 1858 1363 1889 l
1383 1859 1432 1900 19,
1456 1858 1522 1901 27),

245 1917 340 1948 aliter
365 1915 550 1957 praecipere
576 1914 722 1946 Servium
747 1913 787 1944 ad
813 1912 891 1944 Aen.
916 1912 931 1943 Ι
955 1911 1034 1952 235,
1063 1911 1158 1943 aliter
1186 1911 1347 1943 Isidorum
1371 1911 1385 1943 I
1410 1912 1468 1952 43,
1492 1912 1522 1943 4.

322 2027 344 2058 1)
367 2026 411 2051 ‘ex
431 2025 549 2052 historia
570 2024 675 2051 Livius’
699 2032 713 2050 c
733 2022 851 2058 palmari
871 2021 1003 2049 Dressclii
1023 2021 1182 2048 coniectura
1202 2021 1280 2055 dedi,
1307 2022 1350 2048 ‘ex
1370 2019 1522 2047 historiali-

248 2066 309 2092 bus’
335 2065 431 2091 Isidori
453 2065 562 2092 codices
582 2064 722 2091 exhibent.
796 2064 822 2095 2)
843 2062 942 2090 Isidori
967 2063 1053 2089 verba
1076 2063 1140 2088 sunt
1164 2062 1410 2096 ‘quaecumque
1434 2061 1521 2088 enim

246 2106 349 2139 digna
370 2105 549 2131 memoriae
575 2103 663 2131 domi
683 2103 903 2137 militiaeque
928 2103 1012 2129 mari
1040 2112 1075 2129 ac
1096 2104 1209 2129 terrae
1228 2110 1278 2136 per
1297 2110 1383 2128 annos
1402 2100 1430 2127 in
1450 2109 1522 2127 com-

249 2146 392 2172 mentariis
412 2147 475 2171 acta
490 2146 566 2177 sunt,
588 2140 834 2170 ab'annivcrsariis
850 2143 936 2177 gestis
953 2143 1066 2169 annales
1082 2141 1269 2169 nominantur.
1298 2139 1415 2167 historia
1429 2141 1522 2167 autem

248 2187 398 2212 multorum
420 2193 554 2211 annorum
575 2185 618 2211 vcl
639 2186 795 2218 temporum
822 2184 877 2216 cst,
903 2182 998 2209 cuius
1022 2182 1213 2217 diligentia
1236 2180 1337 2208 annui
1357 2188 1521 2207 commen-

248 2226 330 2253 tarii
352 2225 384 2251 in
404 2225 504 2251 libris
524 2224 633 2250 delati
660 2224 753 2250 sunt'
781 2233 842 2250 cum
867 2224 910 2250 his
931 2232 945 2249 c
966 2223 1126 2250 Cassellano
1151 2221 1256 2248 scholio
1282 2220 1437 2254 comparari
1461 2228 1524 2254 pos-

250 2268 314 2294 sunt
339 2266 409 2292 hacc
430 2265 514 2291 verba
537 2266 573 2298 (p.
597 2267 659 2296 1⁴2ss,
680 2268 694 2289 Γ)
716 2266 785 2297 sqq.)
812 2263 914 2297 ‘digna
938 2264 1095 2290 memoratu
1120 2262 1216 2289 notare
1242 2261 1424 2287 consueverat
1448 2259 1523 2286 domi

251 2306 424 2339 militiaeque
449 2306 523 2331 terra
547 2303 672 2337 marique
698 2305 779 2338 gesta
803 2313 852 2338 per
876 2304 1000 2338 singulos
1028 2303 1094 2329 dies.
1133 2301 1209 2329 euius
1234 2300 1395 2334 diligentiae
1419 2307 1524 2326 annuos

249 2346 461 2376 commentarios
483 2345 509 2370 in
531 2343 676 2377 octoginta
697 2343 782 2369 libros
802 2345 909 2371 veteres
929 2343 1094 2370 rctulcrunt'
1118 2351 1138 2368 e.
1161 2350 1186 2375 q.
1207 2350 1226 2367 ε.
