1690 2611
721 50 936 77 PRAEFATIO.
1404 54 1467 80 XXI

191 145 287 166 carm.
311 133 407 176 Verg.
433 133 554 165 editore
578 144 608 174 p.
633 132 666 174 9)
691 133 891 174 observavit,
920 144 1114 174 quamquam
1142 134 1239 166 latius
1269 136 1380 176 patere
1404 135 1466 167 Do-

189 188 258 219 nati
286 188 385 219 verba
414 188 578 228 opinatus,
613 188 650 218 ut
675 186 798 218 Probus
828 186 958 218 omnino
991 186 1025 217 in
1049 186 1136 225 λέξι,υ
1160 187 1299 229 Vergilii
1335 189 1467 230 inquisi-

190 242 275 273 visse
305 242 478 282 diceretur,
511 241 617 272 aliena
646 240 686 272 ad
711 240 778 271 eius
804 239 1030 271 auctoritatem
1054 241 1230 281 revocavit,
1264 242 1361 273 veluti
1385 242 1466 274 Aen.

189 295 239 326 III
254 295 327 336 339,
351 294 426 335 455,
450 295 523 326 670.
546 293 594 325 VI
609 294 682 325 286.
716 294 768 325 sed
795 304 876 335 quae
901 293 941 324 ad
964 292 1044 325 Aen.
1068 293 1083 324 I
1107 295 1149 325 25
1175 294 1324 326 ‘necdum
1350 295 1464 327 etiam'

189 348 316 380 restitui
339 349 408 388 quis
431 350 501 379 ante
523 347 603 379 hunc
627 349 658 378 et
683 358 765 389 quae
789 347 829 378 ad
854 346 867 377 1
896 347 967 378 185.
992 346 1023 378 Π
1047 347 1121 378 229.
1150 347 1199 378 ΙΙΙ
1224 348 1296 389 221,
1321 349 1394 380 384.
1418 349 1465 380 IV

192 402 263 433 120.
296 401 325 433 V
353 402 423 433 144.
457 400 538 432 VIII
565 401 636 441 195,
661 401 734 441 326,
759 401 833 431 404.
866 399 912 431 IX
938 400 1011 431 570.
1045 400 1074 431 X
1099 401 1172 441 676,
1198 401 1269 441 770,
1295 402 1367 442 835,
1392 403 1464 434 838.

190 454 237 486 XI
261 456 333 496 572,
358 455 431 486 590.
459 454 522 485 XII
547 455 575 495 7,
599 454 672 494 351,
697 455 769 494 517,
795 454 858 485 619
884 454 1038 485 adnotata
1063 458 1139 485 sunt
1163 465 1227 485 non
1252 455 1363 486 dubito
1389 457 1466 497 quin

190 520 208 540 a
232 508 338 545 Probo
366 507 512 549 profecta
540 508 616 539 sint.
657 508 708 539 his
738 507 818 539 locis
843 507 951 548 diplen
976 507 1186 548 aperisticton
1213 519 1230 539 a
1255 508 1388 549 Berytio
1413 510 1465 541 ad—

187 562 329 602 positam
356 561 455 593 fuisse
486 561 645 602 suspicor:
680 572 742 602 qua
770 563 848 593 nota
877 563 913 592 ut
938 561 1162 593 Aristarchum
1187 562 1233 593 ita
1257 561 1398 594 Probum
1424 564 1463 594 ad

186 615 264 646 illud
293 626 417 657 quoque
447 626 540 646 usum
569 626 639 646 esse
668 617 810 656 constat,
846 617 882 646 ut
910 615 1060 656 propriae
1084 618 1200 656 poetae
1224 616 1347 657 figurae
1371 619 1462 648 nota-

186 669 298 699 rentur
321 667 375 710 (cf.
400 668 508 700 anecd.
532 668 635 700 Paris.
659 668 844 700 Reiffersch.
869 680 898 709 p.
917 669 987 709 140,
1013 668 1056 711 2).
1094 669 1207 700 deinde
1233 669 1317 710 quod
1342 670 1374 700 in
1398 670 1461 701 Da-

185 721 305 753 nielino
330 722 562 754 commentario
593 722 718 763 aliquot
746 722 825 753 locis
851 721 1050 762 adscriptum
1076 724 1124 753 est
1148 723 1193 754 bis
1219 723 1296 754 idem
1320 722 1351 753 id
1376 723 1461 754 haud

184 774 249 806 scio
275 786 315 806 an
339 775 412 806 inde
438 777 544 807 ortum
569 776 619 816 sit,
644 775 728 817 quod
753 775 877 807 Probus
900 781 934 811 >
959 777 1070 807 notam
1097 776 1297 817 adposuerit,
1322 787 1402 817 quae
1427 778 1460 808 in

185 828 339 860 anecdoto
364 828 511 860 Parisino
543 829 586 870 (p.
614 829 685 869 141,
709 829 728 859 9
753 828 954 869 Reiffersch.)
984 829 1035 860 his
1060 829 1166 860 verbis
1192 829 1370 870 explicatur
1396 830 1460 861 ‘bis

183 881 330 913 dictum’.
377 882 414 913 cf.
440 882 479 913 ad
503 882 517 913 Ι
542 881 636 924 23¹),
664 882 724 913 146
750 881 854 913 ‘levat
878 885 910 913 et
934 883 1038 923 aperit
1063 882 1201 924 Syrtes',
1227 883 1273 914 IV
1299 884 1362 914 316
1388 883 1459 925 ‘per

182 935 319 966 conubia
342 938 453 967 nostra
476 946 534 976 per
557 936 703 977 inceptos
727 935 951 977 hymenaeos',
989 937 1052 967 352
1082 936 1247 978 ‘quotiens
1277 938 1459 969 umentibus

181 988 320 1020 umbris'
355 1000 379 1020 e.
405 1000 433 1030 q.
458 1000 494 1030 s.,
527 988 556 1020 V
587 990 628 1020 23
663 989 851 1030 ‘sequamur
884 1000 1009 1030 quoque
1047 993 1142 1021 vocat
1176 992 1338 1021 vertamus
1373 991 1458 1022 iter'.

181 1041 317 1083 denique
341 1052 413 1073 cum
438 1042 579 1073 Probum
604 1043 638 1073 in
662 1042 872 1074 emendandis
898 1043 1035 1074 maxime
1055 1042 1195 1085 Vergilii
1220 1044 1458 1085 exemplaribus

182 1106 310 1136 operam
337 1095 512 1127 collocasse
537 1097 659 1126 certum
690 1096 734 1126 sit
757 1098 790 1126 et
814 1096 953 1136 primum
978 1099 1063 1127 certe
1088 1097 1313 1137 georgicorum
1339 1098 1456 1129 librum

180 1148 280 1189 ipsius
305 1150 419 1190 poetae
443 1160 541 1180 manu
565 1150 745 1180 correctum
770 1148 888 1189 legisse
913 1148 1010 1180 Gellii
1034 1150 1220 1182 testimonio
1245 1150 1339 1182 (XIII
1356 1152 1407 1192 21,
1423 1151 1456 1193 4)

180 1204 316 1243 constet,
340 1213 403 1234 non
428 1203 556 1234 videtur
579 1202 775 1234 temeritatis
802 1214 870 1233 esse
895 1214 932 1233 ea
958 1203 1111 1234 additicia
1131 1203 1263 1244 scholia,
1287 1205 1402 1246 quibus
1419 1206 1456 1237 de

179 1255 375 1287 carminibus
405 1256 444 1287 ab
473 1256 545 1297 ipso
571 1255 716 1297 Vergilio
747 1255 926 1286 emendatis
950 1256 1103 1298 refertur,
1137 1257 1176 1288 ad
1200 1257 1343 1289 Probum
1367 1270 1454 1291 revo-

182 1320 261 1340 care.
313 1309 477 1341 adsentior
502 1309 650 1350 equidem
674 1309 867 1350 RibbeckiO,
902 1310 955 1350 qui
979 1310 1060 1350 prol.
1084 1322 1113 1351 p.
1142 1310 1202 1341 189
1228 1322 1309 1352 quae
1334 1312 1366 1343 in
1391 1313 1455 1353 ple-

179 1362 325 1393 nioribus
344 1362 436 1393 libris
457 1362 494 1394 de
515 1362 693 1403 scripturae
714 1362 939 1403 discrepantiis
960 1366 1212 1395 commemorata
1232 1365 1297 1396 sint
1317 1366 1456 1406 plerum-

181 1425 242 1456 que
270 1414 392 1446 futtilia
421 1427 490 1447 esse
514 1427 617 1457 neque
641 1416 680 1446 ad
705 1416 862 1447 librorum
893 1427 966 1447 vere
996 1417 1201 1458 antiquorum
1227 1419 1453 1452 auctoritatem

176 1468 280 1499 redire
311 1468 401 1509 dicit,
436 1469 491 1499 sed
516 1479 596 1510 quae
622 1469 661 1500 ad
686 1479 794 1510 georg.
818 1469 833 1500 I
858 1470 912 1510 64,
939 1470 993 1510 66,
1019 1470 1059 1501 68
1085 1473 1117 1501 et
1141 1471 1179 1502 ad
1205 1471 1284 1502 Aen.
1308 1472 1356 1503 ΙΙΙ
1381 1474 1454 1515 204,

176 1521 240 1552 226
274 1521 311 1552 de
346 1522 452 1553 verbis
483 1534 502 1553 a
532 1524 627 1563 poeta
658 1522 729 1563 ipso
761 1524 797 1553 ut
827 1523 954 1554 videtur
982 1523 1120 1555 inductis
1150 1524 1199 1555 vel
1225 1525 1452 1558 circumductis

176 1576 308 1606 narrata
332 1577 407 1606 sunt
432 1587 468 1607 ea
492 1575 604 1607 dubito
630 1587 670 1606 an
694 1587 758 1607 non
783 1576 848 1607 sint
872 1577 1060 1616 spernenda.

263 1628 406 1660 Transeo
422 1621 466 1660 ad
486 1628 640 1660 Aelium
660 1628 863 1670 Donatum,
898 1641 991 1670 quein
1017 1630 1121 1661 medio
1146 1631 1212 1662 fere
1237 1634 1353 1673 quarto
1377 1636 1453 1674 post

176 1681 341 1713 Christum
366 1682 494 1713 saeculo
519 1683 663 1714 floruisse
688 1685 786 1724 atque
810 1683 843 1714 in
860 1683 1003 1715 Terentii
1026 1684 1155 1716 fabulas
1180 1688 1213 1716 et
1228 1685 1366 1727 Vergilii
1387 1697 1451 1718 car-

174 1735 262 1766 mina
295 1737 541 1767 commentarios
577 1737 747 1777 scripsisse
782 1737 998 1779 Hieronymus
1033 1740 1145 1770 auctor
1179 1742 1229 1770 est
1263 1739 1315 1781 (cf,
1340 1740 1450 1772 chron.

174 1788 308 1820 Eusebii
333 1800 359 1820 a.
384 1789 448 1821 355
473 1792 505 1821 et
530 1791 612 1831 apol.
638 1801 661 1821 c.
686 1790 760 1822 Ruf.
784 1791 803 1821 l.
825 1790 869 1831 1.).
907 1791 1093 1823 Terentiani
1119 1794 1340 1824 commentarii
1366 1796 1449 1825 aeta-

173 1843 240 1872 tem
264 1842 408 1873 tulerunt
418 1841 458 1884 2),
483 1843 665 1885 Vergiliani
689 1844 862 1884 perierunt.
900 1844 954 1875 sed
980 1855 1051 1876 cum
1077 1845 1222 1877 Donatus
1247 1846 1280 1877 in
1305 1846 1449 1879 Terentii

173 1894 439 1935 interpretatione
468 1897 658 1937 saepissime
684 1896 882 1938 Vergilianis
908 1898 1063 1939 exemplis
1088 1910 1164 1930 usus
1190 1899 1244 1939 sit,
1275 1899 1353 1931 haec
1377 1901 1449 1941 ipsa

173 1958 235 1988 qua
255 1948 379 1979 ratione
400 1949 554 1990 explicari
574 1950 714 1981 voluerit
733 1950 942 1992 intellegitur.
980 1963 1042 1992 quo
1063 1952 1100 1982 fit
1120 1954 1156 1983 ut
1175 1952 1278 1983 multa-
1294 1952 1448 1995 Serviani,

172 2001 299 2042 aliquot
327 2002 481 2042 plenioris
511 2004 733 2035 commentarii
763 2004 885 2036 scholia
914 2005 953 2036 ad
978 2004 1141 2036 Donatum
1171 2006 1283 2037 referri
1312 2007 1447 2047 possint.

173 2054 211 2085 de
235 2054 300 2085 illis
326 2054 410 2086 infra
435 2055 548 2097 dicam,
571 2056 733 2096 pleniores
757 2057 857 2088 libros
882 2057 932 2089 his
958 2058 1037 2089 locis
1062 2070 1132 2090 cum
1149 2058 1268 2091 Donati
1289 2070 1446 2091 commen-

263 2201 289 2232 1)
308 2200 382 2233 quod
402 2200 437 2226 ad
457 2201 530 2226 hunc
549 2210 658 2227 versum
678 2201 706 2227 in
727 2201 885 2228 Cassellano
905 2203 1075 2237 adscriptum
1095 2205 1137 2230 est
1157 2205 1197 2230 bis
1215 2205 1283 2230 idem
1303 2204 1331 2229 id
1351 2203 1378 2229 in
1398 2203 1444 2229 ad-

170 2240 226 2265 not.
247 2239 305 2266 crit.
327 2240 375 2266 aut
395 2240 430 2266 ad
444 2249 469 2267 v.
485 2243 518 2266 23
541 2240 652 2267 ‘causae
671 2241 774 2267 irarum
794 2242 923 2275 saevique
944 2243 1064 2270 dolores'
1086 2246 1136 2270 aut
1155 2244 1190 2270 ad
1210 2247 1278 2271 v.*27
1300 2243 1442 2269 ‘iudicium

169 2278 277 2305 Paridis
297 2280 463 2314 spretaeque
483 2280 583 2306 iniuria
602 2281 717 2307 formae’
739 2282 878 2315 pertinere
901 2282 965 2308 dixi.
1065 2284 1091 2316 ⁴2)
1121 2283 1169 2309 sed
1189 2283 1222 2309 cf.
1247 2283 1351 2309 Vsener
1374 2292 1443 2309 mus.
