1690 2611
587 581 743 632 SERVII
772 582 1076 617 GRAMMATICI

247 682 304 722 IN
335 681 569 724 VERGILII
602 682 863 724 AENEIDOS
896 683 1100 725 LIBRVM
1134 670 1412 726 SECVNDVM

624 789 1042 832 COMMENTARIVS.

290 946 316 976 1.
349 953 570 977 cou'rmvnun
591 953 708 976 OMNES
732 945 808 986 quia
828 956 924 986 supra
943 945 979 985 <1
1000 946 1083 987 725>
1103 946 1185 977 dixit
1209 946 1257 977 fit
1282 948 1474 988 strepitus

198 999 326 1030 tectis.
373 997 587 1030 ‘conticuere’
613 1000 720 1029 autem
744 1009 802 1039 pro
827 999 1064 1030 conticuerunt:
1092 1000 1175 1040 quod
1200 1001 1294 1031 metri
1319 1012 1416 1032 causa
1438 1002 1476 1032 fit

198 1052 250 1083 vel
274 1052 399 1083 ratione
423 1052 647 1083 clausularum.
688 1062 747 1083 nee
771 1054 819 1083 est
843 1054 878 1083 ut
903 1052 1033 1093 quidam
1057 1053 1168 1084 dicunt
1189 1053 1293 1084 dualis
1314 1064 1475 1094 numerus,

200 1106 253 1146 qui
287 1105 370 1146 apud
400 1104 533 1136 Latinos
566 1116 742 1146 numquam
776 1105 904 1146 penitus
938 1106 1109 1137 invenitur.
1156 1108 1188 1137 et
1220 1107 1300 1138 bene
1333 1107 1475 1138 ‘omnes'

200 1158 335 1198 addidit3
359 1159 510 1198 poterant
535 1158 618 1188 enim
643 1157 740 1188 simul
765 1158 909 1199 quidam,
936 1158 990 1189 sed
1014 1170 1079 1190 non
1104 1170 1227 1201 omnes,
1252 1162 1368 1191 tacere.

196 1219 417 1248 JNTENTIQVE
444 1219 512 1242 ORA
535 1220 719 1242 ΤΕΝΕΒΑΝΤ
749 1213 805 1242 aut
829 1222 885 1242 ora
908 1211 1118 1243 intuebantur
1147 1212 1323 1255 loquentis,
1352 1216 1408 1245 aut
1432 1214 1477 1245 in-

200 1264 336 1296 mobiles
361 1264 468 1295 vultus
493 1264 670 1305 habebant,
698 1266 733 1295 ut
762 1265 965 1305 tenuitque
995 1265 1150 1296 inhians
1180 1267 1257 1297 tria
1286 1266 1476 1298 Cerberus

200 1329 278 1359 ora,
302 1317 334 1348 id
358 1319 407 1348 est
426 1317 597 1348 inmobilia
618 1318 742 1349 habuit.
780 1319 836 1348 aut
856 1317 1033 1349 ‘tenebant'
1055 1318 1232 1360 habebant,
1256 1323 1290 1350 ut
1312 1321 1353 1351 sit
1375 1321 1476 1360 1592th

199 1374 227 1402 et
244 1372 453 1411 intellegamus
477 1371 606 1402 ‘intenta
626 1370 788 1411 tenebant’,
812 1374 849 1402 ut
869 1370 1039 1402 Terentius
1060 1383 1143 1403 nain
1163 1372 1244 1404 And
1252 1373 1331 1404 riae
1355 1373 1416 1404 illi
1441 1374 1477 1404 id

201 1426 284 1455 erat
312 1435 455 1456 nomen.
484 1427 606 1456 teneo.
653 1425 722 1456 ideo
753 1427 861 1456 autem
890 1425 950 1455 hoc
984 1425 1120 1466 addidit,
1157 1426 1232 1467 quia
1264 1429 1373 1467 potest
1408 1428 1477 1468 quis

200 1479 318 1518 tacere,
342 1488 400 1509 nec
425 1478 599 1509 advertere.

290 1531 318 1561 2.
352 1539 436 1561 INDE
462 1531 646 1571 aphaeresis
672 1534 734 1571 est,
758 1542 816 1572 pro
837 1531 963 1562 deinde:
987 1532 1032 1563 vel
1050 1535 1085 1563 ut
1102 1533 1229 1572 quidam
1247 1533 1352 1564 volunt
1375 1533 1478 1565 ‘tund

290 1592 383 1615 TORO
403 1592 447 1614 AB
468 1593 560 1615 ALTO
585 1595 729 1615 summus
750 1585 835 1615 enim
856 1596 981 1625 semper
1002 1587 1051 1616 est
1070 1586 1266 1626 pontificalis
1291 1587 1393 1627 locus3
1418 1597 1479 1618 non

201 1637 282 1668 emm
306 1637 413 1668 licebat
433 1647 530 1677 supra
553 1648 650 1678 reyem
669 1638 877 1678 saervfiezdum
896 1649 1077 1678 quemquam
1096 1639 1275 1671 accumbere.
1310 1650 1378 1671 cum
1398 1641 1479 1671 enim

201 1691 275 1721 dicit
296 1691 332 1722 de
354 1689 477 1721 Didone
500 1690 535 1731 <I
555 1691 640 1732 698>
664 1702 777 1723 aurea
800 1692 994 1732 conposuit
1016 1693 1156 1732 sponda
1179 1694 1407 1733 mediamque
1431 1694 1478 1725 lo-

274 1808 289 1830 3
308 1812 359 1830 nec
378 1805 420 1830 est
435 1825 440 1830 .
458 1827 462 1831 .
480 1827 484 1832 .
504 1805 655 1839 invenitur]
676 1806 710 1832 ef.
726 1806 831 1832 Charis.
847 1815 872 1840 p.
892 1809 950 1839 175,
968 1809 999 1832 13
1010 1806 1041 1832 Κ.
1071 1806 1218 1833 Ribbeckii
1237 1807 1343 1841 proleg.
1364 1816 1389 1840 p.
1407 1810 1456 1833 169
1472 1808 1480 1842 Η

204 1843 217 1866 7
238 1840 394 1874 tenuitque]
415 1848 508 1874 georg.
530 1841 567 1866 IV
586 1844 637 1868 483
652 1842 661 1875 ΙΙ
680 1844 695 1867 9
716 1841 873 1876 Terentius]
894 1842 977 1869 Andr.
998 1843 1009 1867 Ι
1031 1845 1054 1873 1,
1074 1845 1106 1868 58

277 1951 287 1972 1
310 1947 347 1972 ad
365 1955 388 1972 v.
411 1949 424 1972 1
445 1946 609 1973 Conticuere
629 1948 735 1981 omnes]
761 1947 827 1981 quia
847 1956 930 1981 supra
949 1948 1019 1974 dixit
1041 1949 1084 1974 ‘fit
1103 1949 1256 1982 strepitus&
1297 1950 1478 1976 ‘conticuere'

204 1984 298 2008 autem
318 1990 368 2015 pro
388 1982 589 2008 conticuerunt.
627 1983 708 2008 metri
727 1992 810 2009 causa
830 1984 861 2009 fit
879 1984 925 2009 uel
944 1984 1052 2010 ratione
1072 1985 1167 2017 (ratio)
1187 1985 1381 2011 clausularum.
1426 1985 1481 2012 Ora

204 2018 349 2051 tenebant]
370 2017 397 2043 id
418 2018 459 2043 est
477 2017 624 2043 inmobiles
643 2018 736 2044 uultus
756 2019 911 2051 habebant,
931 2020 961 2045 ut
982 2020 1138 2053 ‘tenuitque
1158 2019 1268 2046 inhians
1287 2021 1405 2054 (hyians)
1426 2021 1481 2048 tria

204 2053 338 2079 Cerberus
363 2053 430 2079 ora’.
454 2053 480 2077 P
501 2054 510 2086 ΙΙ
538 2056 553 2078 2
573 2053 647 2086 quod
670 2061 720 2080 om..
742 2054 764 2080 C
785 2055 793 2087 ΙΙ
816 2054 967 2088 metriffffi's
984 2055 1007 2080 O
1032 2056 1112 2088 (duae
1137 2056 1242 2082 litterae
1265 2065 1357 2083 erasae
1379 2060 1453 2091 sunt)
1473 2058 1480 2090 ἑκ

925 2078 947 2088 1.1

1350 2102 1373 2120 in
1377 2102 1435 2121 tenti

205 2126 219 2149 5
235 2124 348 2157 quidam
366 2124 401 2149 M
408 2123 471 2149 02l:
490 2123 602 2156 quidem
619 2123 708 2149 OLH
719 2125 728 2157 ΙΙ
742 2128 757 2150 8
772 2124 801 2149 id
816 2125 858 2150 est
872 2124 1027 2151 immobilia
1042 2126 1183 2152 habebant
1198 2128 1269 2159 (εἰσὶ)
1285 2129 1334 2153 aut
1347 2128 1482 2154 tenebant

204 2160 236 2185 ut
255 2160 292 2185 sit
310 2160 398 2193 figura
417 2160 445 2185 et
463 2159 659 2192 intellegamus
678 2159 787 2185 intenta
805 2159 948 2185 habebant
967 2162 998 2186 ut
1015 2161 1151 2187 terentius
1172 2162 1193 2187 (J
1221 2162 1330 2195 (intenti
1348 2171 1480 2196 srcherscr.

206 2194 246 2220 02.
267 2195 362 2220 delevit
376 2194 412 2220 F.
429 2194 588 2227 Schoellius)
603 2196 612 2228 ΙΙ
627 2198 641 2220 9
661 2194 690 2220 id
706 2196 765 2221 erat
780 2195 827 2220 (712
848 2195 927 2220 deret
940 2195 966 2220 L
989 2196 1085 2222 deerat
1099 2197 1133 2222 H
1153 2198 1213 2223 erat
1229 2198 1265 2223 M
1269 2198 1298 2223 E
1311 2200 1319 2231 ΙΙ
1338 2202 1367 2224 12
1384 2200 1420 2224 acl
1430 2207 1453 2225 v.
1464 2202 1479 2223 ⁴2

206 2230 302 2264 Orsus]
322 2230 367 2256 hie
383 2230 475 2264 coepit
491 2229 585 2264 (cepit)
605 2229 673 2256 alibi
689 2230 761 2263 finit,
781 2231 813 2255 ut
833 2229 884 2255 ‘sic
898 2230 1022 2264 Iuppiter
1037 2232 1135 2258 orsus’.
1153 2232 1180 2258 P
1192 2234 1200 2266 ΙΙ
1215 2232 1279 2259 inde
1296 2234 1354 2260 CH
1371 2234 1480 2266 (deinde

208 2300 272 2332 0²10
295 2302 304 2334 ΙΙ
327 2301 406 2362 ιιΙΘΙΖινιΙὺ
426 2301 448 2326 0
469 2302 478 2334 ΙΙ
503 2304 534 2327 13
555 2310 677 2327 summus
697 2274 872 2327 emiliiimigcciiiss
887 2302 930 2327 est
950 2301 972 2327 C'
993 2302 1172 2335 (pontificalis
1191 2312 1322 2337 superser.
1344 2304 1388 2336 6¹²)
1407 2305 1416 2337 ΙΙ
1439 2305 1482 2329 est

206 2344 314 2369 semper
349 2352 359 2361 A
776 2351 779 2358 .

1218 2383 1269 2409 14*

1500 1431 1531 1453 10

1501 1697 1531 1720 15
