1690 2611
231 132 294 163 646
808 130 928 158 SERVII

321 214 392 245 739.
431 222 563 245 SAEVVS
584 222 711 246 ORIENS
735 214 832 246 solem
851 216 938 255 dicit,
963 215 1052 247 cuius
1076 215 1131 247 lux
1151 218 1200 247 est
1219 216 1343 247 umbris
1363 216 1505 249 inimica:

231 267 312 298 unde
337 266 485 298 Lucanus
510 266 578 307 <VI
600 267 683 308 744>
709 269 745 299 et
767 268 891 300 medio
916 268 1057 300 feriere
1081 268 1150 300 die.
1193 271 1243 301 cst
1266 272 1375 302 autem
1398 270 1507 312 physi-

230 332 314 352 cum:
339 331 413 352 nam
439 322 574 361 pereunt
597 321 730 359 umbrae
755 322 834 353 solis
859 322 1006 353 adventu.

313 374 391 413 ⁸741.
430 383 566 406 AENEAS
587 383 657 412 Qvo
677 384 808 407 DEINDE
828 376 926 407 RV1s?
951 375 1029 407 ordo
1054 377 1118 407 est:
1145 375 1269 408 Aeneas
1294 376 1407 409 deinde
1431 377 1506 419 ‘quo

194 435 208 457 5
230 427 335 459 ruis'?

320 481 392 512 742.
430 490 528 519 QVEM
552 482 674 514 FVGIS?
702 483 794 523 quasi
819 483 974 523 ignorans
998 483 1171 523 rationem,
1195 494 1258 524 qua
1280 483 1416 525 fugeret.

320 536 391 567 744.
430 544 546 567 CANAE
571 537 628 567 aut
651 536 817 577 antiquae,
842 538 898 567 aut
921 538 1054 577 propter
1077 536 1161 578 ignis
1185 537 1324 569 favillas.

319 589 392 621 745.
430 598 543 621 FARRE
567 599 625 621 P10
655 590 706 621 vel
735 590 811 631 quia
839 590 952 621 exinde
981 590 1221 622 sacrificabant:
1253 591 1304 622 vel
1333 590 1408 632 quia
1436 603 1506 623 mos

229 643 292 674 fuit
311 643 396 685 apud
421 643 559 675 maiores
579 645 614 674 ut
634 643 777 675 divinum
802 644 911 685 ignem
930 644 1015 675 farre
1036 646 1213 676 servarent:
1238 645 1292 685 qui
1312 644 1340 676 si
1359 644 1507 676 durasset

176 703 209 726 10
229 696 263 727 in
293 696 430 728 alterum
463 697 560 737 diem,
595 708 667 728 eum
701 698 813 738 aptum
847 697 979 739 agendis
1012 697 1107 729 rebus
1140 698 1376 739 significabant.
1423 698 1505 738 ‘far'

227 753 330 782 autem
352 750 501 790 frumenti
524 753 605 782 certa
627 751 737 790 speeies
760 753 814 792 est,
837 751 916 782 sicut
938 751 1093 783 adoreum.

320 805 391 836 746.
431 813 564 836 PRIMVM
590 804 778 846 principem.

319 858 391 890 749.
430 867 526 889 HAVD
551 867 646 890 MORA
671 858 733 890 hoc
757 860 807 890 est
831 859 917 900 quod
940 859 988 891 ait
1011 859 1117 900 <711>
1142 858 1192 891 ‘et
1217 859 1375 901 coniunge
1399 860 1505 891 volen-

228 911 316 943 tem’.
393 920 461 943 NEC
482 920 578 944 IVSSA
603 912 820 953 voluntatem,
845 915 880 944 ut
905 924 1002 954 supra
1021 913 1074 953 <II
1090 914 1131 954 3>
1151 913 1348 945 infandum
1372 913 1506 954 regina

174 971 206 994 15
227 965 335 997 iubes
361 977 549 997 renovare
573 966 759 997 dolorem:
784 968 840 997 aut
864 968 949 998 certe
974 977 1054 1008 quae
1078 967 1224 1008 Iuppiter
1247 967 1394 999 iusserat.

317 1019 389 1051 750.
428 1028 693 1051 TRANSCRIBVNT
719 1029 800 1052 VRBI
825 1029 961 1052 MATRES
989 1020 1126 1053 Romani
1155 1021 1255 1053 moris
1283 1021 1415 1052 verbum
1443 1023 1505 1052 est:

196 1068 200 1072 ’
227 1072 437 1114 ‘transcripti'
462 1073 547 1105 enim
571 1073 603 1104 in
629 1074 774 1106 colonias
799 1074 1047 1106 deducebantur.
1139 1084 1221 1106 VRBI
1246 1074 1287 1106 ad
1311 1074 1432 1106 urbem.

316 1127 388 1158 751.
426 1136 613 1159 DEPONVNT
639 1128 731 1169 quasi
756 1127 794 1159 de
819 1127 964 1159 navibus.
1031 1137 1164 1160 Annios
1186 1137 1243 1160 NIL
1264 1137 1407 1160 MAGNAE
1427 1137 1458 1159 L.
1474 1137 1505 1160 Ε.

226 1183 282 1212 aut
306 1181 433 1212 Aeneas
458 1181 589 1222 deponit
614 1192 668 1213 eos
694 1181 747 1223 qui
772 1181 861 1212 nulla
886 1181 1009 1223 gloriae
1035 1182 1210 1223 cupiditate
1234 1183 1424 1224 tanguntur:
1450 1184 1506 1213 aut

172 1240 205 1264 20
225 1234 260 1266 hi
285 1235 339 1276 qui
365 1236 458 1266 erant
481 1235 683 1276 transcripti,
708 1235 739 1266 id
765 1237 814 1267 est
837 1237 956 1266 matres
982 1237 1013 1266 et
1036 1235 1214 1267 volentium
1239 1236 1428 1277 multitudo,
1453 1235 1504 1267 de-

225 1291 352 1329 ponunt
376 1289 514 1329 animos,
539 1288 571 1319 id
595 1289 645 1320 est
670 1288 878 1319 summittunt
901 1288 1045 1320 inertiae.

316 1343 387 1373 753.
426 1351 566 1374 ROBORA
591 1350 747 1373 NAvmns
772 1342 884 1372 melius
909 1341 961 1373 hic
986 1341 1206 1383 distinguitur.

316 1396 388 1428 754.
426 1405 548 1428 Exffiw
577 1404 722 1427 NVMERO
752 1404 818 1427 SED
847 1404 962 1428 BELLO
991 1405 1113 1427 V1v1DA
1142 1405 1268 1428 vm'rvs
1301 1395 1433 1427 transiit
1466 1396 1504 1427 ad

225 1461 292 1480 rem
317 1461 336 1481 a
359 1461 502 1481 numero.

173 1510 205 1532 25
317 1504 388 1535 755.
425 1513 542 1535 VRBEM
567 1513 744 1536 DESIGNAT
769 1512 908 1535 ARATRO
937 1514 1031 1544 quem
1057 1502 1137 1534 Cato
1163 1503 1195 1534 in
1220 1503 1401 1545 originibus
1426 1503 1504 1536 dicit

227 1568 348 1588 morem
368 1557 476 1588 fuisse.
510 1558 691 1589 conditores
712 1557 796 1589 enim
817 1557 959 1588 civitatis
979 1559 1108 1588 taurum
1128 1556 1162 1588 in
1177 1557 1349 1596 dexteram,
1374 1568 1502 1589 vaccam

225 1699 247 1724 T
297 1666 341 1724 25d
351 1662 419 1725 Caxtlo
430 1662 660 1725 windriginibus]
688 1663 699 1689 Ι
720 1666 752 1689 18
773 1662 843 1689 Iord.
864 1664 893 1689 et
912 1663 969 1689 Pet.
1003 1663 1037 1690 cf.
1059 1663 1121 1689 Isid.
1143 1671 1181 1689 or.
1202 1662 1253 1689 XV
1272 1665 1296 1695 2,
1317 1666 1339 1689 3.
1378 1663 1447 1690 Don.
1468 1663 1503 1690 ad

250 1707 286 1725 er.
307 1706 323 1724 a
345 1720 349 1725 .
428 1706 452 1731 ι,

296 1802 310 1823 2
337 1798 428 1823 medio
454 1798 484 1823 F
487 1798 553 1823 NJ!
560 1798 595 1823 M
628 1798 717 1823 medie
738 1798 764 1823 L
797 1797 889 1824 subito
914 1797 1024 1824 Lucam·
1048 1798 1213 1831 eoeemplaria
1241 1798 1250 1831 ΙΙ
1277 1797 1374 1823 feriere
1399 1797 1442 1823 die
1464 1797 1504 1823 F.-

226 1833 290 1859 serit
314 1841 377 1859 ense
405 1833 449 1860 die
469 1834 500 1859 N
531 1833 648 1859 feriente
668 1833 713 1859 die
734 1834 757 1859 L
791 1833 892 1859 feriens
912 1833 1031 1865 echest
1061 1833 1177 1859 feriente
1202 1831 1275 1858 diem
1298 1833 1333 1858 M
1365 1833 1430 1859 ferit
1453 1841 1504 1860 axe

226 1869 298 1895 diem
320 1869 474 1904 fflephanus
489 1871 497 1902 ΙΙ
517 1873 532 1895 3
554 1869 630 1903 nam]
651 1878 705 1895 non
728 1869 755 1895 H
769 1870 778 1902 ΙΙ
792 1870 911 1902 pareunt
931 1868 960 1894 F
971 1870 980 1902 ΙΙ
994 1869 1145 1895 aduentum
1167 1868 1196 1894 F
1222 1869 1343 1895 aduenta.
1362 1868 1393 1894 H
1405 1869 1414 1902 ΙΙ
1429 1872 1444 1895 6
1463 1869 1504 1895 fu-

226 1914 293 1938 gare
316 1904 344 1930 F
376 1905 506 1938 fugerunt
526 1905 556 1931 H
582 1907 591 1938 ΙΙ
619 1908 633 1931 7
653 1906 783 1931 scholium
803 1905 839 1930 ad
859 1903 949 1930 Canae
965 1907 1029 1938 post
1048 1905 1177 1931 scholium
1196 1904 1233 1930 ml
1252 1903 1334 1930 Farre
1360 1904 1405 1938 pio
1425 1905 1503 1931 collo-

226 1943 316 1966 catum
335 1941 432 1966 hubent
455 1941 590 1966 NLIIM
617 1942 626 1973 ΙΙ
655 1944 669 1966 9
690 1940 819 1974 maiores]
846 1948 967 1966 morarcs
988 1940 1020 1966 II
1044 1940 1163 1966 maiores
1187 1948 1219 1965 az·
1242 1939 1359 1966 moiores
1380 1940 1415 1966 M
1437 1941 1446 1974 ΙΙ
1471 1943 1503 1966 10

227 1976 336 2008 agentis
358 1976 386 2001 ΙΙ
407 1977 417 2009 ΙΙ
445 1976 621 2009 significabat
640 1976 683 2007 H,
706 1978 821 2008 sortasse
842 1978 908 2002 recte
930 1976 939 2009 ΙΙ
967 1975 1174 2010 significabant}
1199 1975 1332 2002 Horatius
1353 1976 1444 2008 (carm.
1466 1976 1503 2002 111

228 2016 274 2043 2¹3,
296 2013 338 2044 18)
366 2012 435 2037 ‘non
461 2015 622 2044 sumptuosa
647 2012 774 2038 blandior
799 2011 891 2038 hostia
911 2011 1033 2038 mollibit
1053 2020 1163 2038 aversos
1184 2012 1299 2045 penates
1318 2011 1390 2037 farre
1411 2011 1455 2045 pio
1476 2013 1504 2038 et

227 2047 342 2074 saliente
364 2047 450 2073 mica⁷
472 2050 500 2073 ct
519 2048 646 2073 'l'ibullus
668 2048 714 2080 (Ill
735 2051 759 2080 4,
782 2050 823 2079 10)
846 2047 929 2073 ‘fai-rc
951 2047 995 2081 pio
1016 2047 1129 2080 placant
1148 2048 1177 2073 et
1195 2047 1311 2073 saliente
1331 2047 1409 2074 sale'.
1439 2047 1502 2074 add.

230 2084 383 2110 Masvicius
397 2084 406 2117 ΙΙ
428 2082 634 2117 significabant]
656 2093 755 2109 mmm
776 2083 803 2109 id
823 2085 864 2109 cst
883 2092 948 2109 arca
967 2083 1096 2109 thuralis:
1117 2083 1145 2108 id
1165 2083 1238 2116 quod
1258 2083 1382 2109 continet
1400 2091 1450 2116 pro
1471 2091 1502 2109 eo

227 2119 300 2152 quod
321 2119 479 2145 cont-inetur
499 2120 561 2144 mid.
584 2119 611 2144 Ῑ)
625 2120 634 2152 ΙΙ
656 2123 686 2145 16
706 2128 899 2145 ‘rnnssvamvnw
921 2118 945 2144 I.
975 2128 1183 2144 ‘1'11ANss‹·1‹IRVNT
1204 2118 1256 2151 ΗΙΙ
1277 2121 1307 2144 17
1328 2117 1503 2152 transscripti

228 2155 297 2181 LH.
333 2157 445 2181 ceterum
470 2155 506 2180 ml
527 2164 547 2179 Γ.
570 2158 620 2180 750
646 2158 675 2180 m
694 2163 778 2188 Μαι-ῃ.
805 2155 968 2180 Turonensis
992 2155 1014 2180 is
1038 2155 1085 2188 qui
1110 2155 1259 2180 tironianis
1281 2154 1353 2179 notis
1377 2162 1442 2180 usus
1465 2156 1502 2180 est

227 2192 290 2217 haec
310 2191 456 2223 adscripsit
481 2190 687 2216 Transcribunt.
729 2191 848 2216 Verbum
873 2191 916 2216 est
942 2192 1061 2216 tractum
1082 2199 1098 2216 a
1118 2198 1232 2216 romana.
1255 2189 1324 2223 lege.
1364 2188 1404 2215 illi
1429 2189 1500 2215 enim

227 2227 391 2252 dicebantur
416 2225 562 2252 transcribi
588 2227 634 2258 qui
655 2236 671 2252 a
691 2226 811 2253 romanis
835 2225 862 2252 in
887 2225 1009 2252 colonias
1034 2225 1223 2252 mittebantur.
1252 2225 1261 2258 ΙΙ
1292 2228 1322 2251 18
1342 2234 1438 2251 Annios
1459 2234 1502 2250 nn.

228 2271 334 2288 »monn
357 2273 377 2288 ι..
397 2273 417 2288 n.
438 2270 487 2287 om.
501 2261 530 2287 F
551 2262 560 2295 ss
588 2264 616 2286 19
638 2262 823 2295 tangebantur
846 2261 873 2287 F
893 2262 902 2295 ΙΙ
925 2264 958 2287 ‘20
979 2261 1152 2295 trans-scripti
1173 2261 1234 2286 LII
1256 2262 1265 2294 ΙΙ
1288 2260 1429 2287 uolentum
1450 2259 1474 2285 L
1493 2260 1502 2294 l}

227 2301 255 2323 21
281 2297 421 2323 submittit
444 2297 472 2323 ΙΙ
491 2298 500 2331 l}
523 2300 556 2323 22
579 2296 621 2322 hie
644 2297 683 2322 F:
704 2297 742 2323 nic
763 2298 861 2330 reliqui
884 2298 893 2330 ΙΙ
917 2297 1079 2330 ‹lis-tingitur
1103 2297 1128 2323 H
1149 2298 1158 2331 ΙΙ
1181 2300 1214 2323 23
1234 2295 1336 2322 transit
1354 2295 1384 2321 ΙΙ
1400 2296 1410 2329 ΙΙ
1433 2298 1466 2321 24
1486 2304 1502 2321 a.

227 2342 275 2358 mn.
298 2333 326 2359 1³
347 2335 355 2366 ΙΙ
384 2336 416 2358 25
438 2332 589 2365 originibus
612 2333 650 2358 F:
676 2333 857 2365 originalibus
878 2333 908 2358 N
917 2333 979 2359 1.M
1008 2332 1202 2366 orcgvnalibus
1222 2332 1252 2358 H
1273 2332 1282 2365 H
1310 2334 1342 2357 26
1364 2330 1501 2357 condituri

228 2369 300 2395 vnim
322 2369 451 2395 ciuitates
473 2368 502 2395 F
519 2371 541 2394 ec
562 2368 714 2402 Stephanus
728 2369 737 2401 ΙΙ
756 2368 870 2394 dextera
890 2368 920 2394 F
