<?xml version="1.0" encoding="UTF-8"?>
<!DOCTYPE html PUBLIC "-//W3C//DTD XHTML 1.0 Transitional//EN"
    "http://www.w3.org/TR/xhtml1/DTD/xhtml1-transitional.dtd">
<html xmlns="http://www.w3.org/1999/xhtml" xml:lang="en" lang="en">
 <head>
  <title>
</title>
<meta http-equiv="Content-Type" content="text/html;charset=utf-8" />
  <meta name='ocr-system' content='tesseract 3.04.00' />
  <meta name='ocr-capabilities' content='ocr_page ocr_carea ocr_par ocr_line ocrx_word'/>
</head>
<body>
  <div class='ocr_page' id='page_1' title='image "./serviigrammatici01bons_0721.png"; bbox 0 0 1690 2611; ppageno 0'>
   <div class='ocr_carea' id='block_1_1' title="bbox 492 137 1439 168">
    <p class='ocr_par' dir='ltr' id='par_1_1' title="bbox 492 137 1439 168">
     <span class='ocr_line' id='line_1_1' title="bbox 492 137 1439 168; baseline -0.005 0"><span class='ocrx_word' id='word_1_1' title='bbox 492 141 603 168; x_wconf 85' lang='lat' dir='ltr'>COMM.</span> <span class='ocrx_word' id='word_1_2' title='bbox 624 141 663 167; x_wconf 87' lang='lat' dir='ltr'>IN</span> <span class='ocrx_word' id='word_1_3' title='bbox 684 140 788 167; x_wconf 76' lang='lat' dir='ltr'>VERG.</span> <span class='ocrx_word' id='word_1_4' title='bbox 809 139 892 166; x_wconf 85' lang='lat' dir='ltr'>AEN.</span> <span class='ocrx_word' id='word_1_5' title='bbox 912 139 944 166; x_wconf 90' lang='lat' dir='ltr'>V.</span> <span class='ocrx_word' id='word_1_6' title='bbox 964 142 1113 165; x_wconf 77' lang='lat'>284—308.</span> <span class='ocrx_word' id='word_1_7' title='bbox 1375 137 1439 168; x_wconf 87' lang='lat'>619</span> 
     </span>
    </p>
   </div>
   <div class='ocr_carea' id='block_1_2' title="bbox 165 219 1443 1546">
    <p class='ocr_par' dir='ltr' id='par_1_2' title="bbox 166 219 1442 371">
     <span class='ocr_line' id='line_1_2' title="bbox 166 219 1440 264; baseline -0.004 -9"><span class='ocrx_word' id='word_1_8' title='bbox 166 235 253 264; x_wconf 85' lang='lat' dir='ltr'>ceps:</span> <span class='ocrx_word' id='word_1_9' title='bbox 279 224 353 255; x_wconf 83' lang='lat' dir='ltr'>hinc</span> <span class='ocrx_word' id='word_1_10' title='bbox 378 225 426 255; x_wconf 85' lang='lat' dir='ltr'>est</span> <span class='ocrx_word' id='word_1_11' title='bbox 451 226 482 254; x_wconf 89' lang='lat' dir='ltr'>et</span> <span class='ocrx_word' id='word_1_12' title='bbox 507 222 616 254; x_wconf 82' lang='lat' dir='ltr'>‘viridi</span> <span class='ocrx_word' id='word_1_13' title='bbox 646 221 807 262; x_wconf 83' lang='lat' dir='ltr'>iuventa’,</span> <span class='ocrx_word' id='word_1_14' title='bbox 839 223 869 252; x_wconf 79' lang='lat' dir='ltr'>et</span> <span class='ocrx_word' id='word_1_15' title='bbox 899 220 965 261; x_wconf 82' lang='lat' dir='ltr'>&lt;VI</span> <span class='ocrx_word' id='word_1_16' title='bbox 996 221 1080 261; x_wconf 75' lang='lat'>304&gt;</span> <span class='ocrx_word' id='word_1_17' title='bbox 1111 220 1222 252; x_wconf 82' lang='lat' dir='ltr'>cruda</span> <span class='ocrx_word' id='word_1_18' title='bbox 1252 220 1320 252; x_wconf 86' lang='lat' dir='ltr'>deo</span> <span class='ocrx_word' id='word_1_19' title='bbox 1349 219 1440 250; x_wconf 89' lang='lat' dir='ltr'>viri-</span> 
     </span>
     <span class='ocr_line' id='line_1_3' title="bbox 166 273 1442 318; baseline -0.003 -11"><span class='ocrx_word' id='word_1_20' title='bbox 166 277 300 318; x_wconf 72' lang='lat' dir='ltr'>disque</span> <span class='ocrx_word' id='word_1_21' title='bbox 335 278 520 308; x_wconf 82' lang='lat' dir='ltr'>senectus.</span> <span class='ocrx_word' id='word_1_22' title='bbox 576 276 654 307; x_wconf 84' lang='lat' dir='ltr'>item</span> <span class='ocrx_word' id='word_1_23' title='bbox 686 274 859 306; x_wconf 76' lang='lat' dir='ltr'>Sallustius</span> <span class='ocrx_word' id='word_1_24' title='bbox 891 274 954 305; x_wconf 86' lang='lat' dir='ltr'>sed</span> <span class='ocrx_word' id='word_1_25' title='bbox 987 273 1237 305; x_wconf 75' lang='lat' dir='ltr'><strong>Mithridates</strong></span> <span class='ocrx_word' id='word_1_26' title='bbox 1269 275 1442 304; x_wconf 83' lang='lat' dir='ltr'>extrema</span> 
     </span>
     <span class='ocr_line' id='line_1_4' title="bbox 166 327 1391 371; baseline -0.002 -11"><span class='ocrx_word' id='word_1_27' title='bbox 166 331 335 371; x_wconf 84' lang='lat' dir='ltr'>pueritia</span> <span class='ocrx_word' id='word_1_28' title='bbox 359 341 517 371; x_wconf 78' lang='lat' dir='ltr'>regnum</span> <span class='ocrx_word' id='word_1_29' title='bbox 541 330 740 371; x_wconf 81' lang='lat' dir='ltr'>ingressus</span> <span class='ocrx_word' id='word_1_30' title='bbox 765 330 885 359; x_wconf 84' lang='lat' dir='ltr'>matre</span> <span class='ocrx_word' id='word_1_31' title='bbox 910 339 976 358; x_wconf 88' lang='lat' dir='ltr'>sua</span> <span class='ocrx_word' id='word_1_32' title='bbox 1001 338 1145 358; x_wconf 85' lang='lat' dir='ltr'>veneno</span> <span class='ocrx_word' id='word_1_33' title='bbox 1170 327 1391 358; x_wconf 82' lang='lat' dir='ltr'>interfecta.</span> 
     </span>
    </p>

    <p class='ocr_par' dir='ltr' id='par_1_3' title="bbox 166 381 1442 692">
     <span class='ocr_line' id='line_1_5' title="bbox 254 381 1440 423; baseline -0.004 -8"><span class='ocrx_word' id='word_1_34' title='bbox 254 384 327 415; x_wconf 73' lang='lat'>296.</span> <span class='ocrx_word' id='word_1_35' title='bbox 365 397 463 415; x_wconf 54' lang='lat' dir='ltr'>mom*</span> <span class='ocrx_word' id='word_1_36' title='bbox 481 397 526 415; x_wconf 68' lang='lat' dir='ltr'>pm</span> <span class='ocrx_word' id='word_1_37' title='bbox 546 384 645 422; x_wconf 54' lang='lat' dir='ltr'>prim]</span> <span class='ocrx_word' id='word_1_38' title='bbox 671 386 764 423; x_wconf 73' lang='lat' dir='ltr'>casto,</span> <span class='ocrx_word' id='word_1_39' title='bbox 792 393 853 413; x_wconf 72' lang='lat' dir='ltr'>non</span> <span class='ocrx_word' id='word_1_40' title='bbox 877 381 999 420; x_wconf 68' lang='lat' dir='ltr'>infami.</span> <span class='ocrx_word' id='word_1_41' title='bbox 1113 389 1232 412; x_wconf 84' lang='lat' dir='ltr'><strong>AMORE</strong></span> <span class='ocrx_word' id='word_1_42' title='bbox 1256 389 1312 412; x_wconf 87' lang='lat' dir='ltr'>PIO</span> <span class='ocrx_word' id='word_1_43' title='bbox 1337 389 1440 411; x_wconf 81' lang='lat' dir='ltr'>PVERI</span> 
     </span>
     <span class='ocr_line' id='line_1_6' title="bbox 166 434 1441 478; baseline -0.003 -10"><span class='ocrx_word' id='word_1_44' title='bbox 166 439 222 468; x_wconf 84' lang='lat' dir='ltr'>aut</span> <span class='ocrx_word' id='word_1_45' title='bbox 246 437 415 478; x_wconf 75' lang='lat' dir='ltr'><strong>genetivus</strong></span> <span class='ocrx_word' id='word_1_46' title='bbox 440 439 498 477; x_wconf 82' lang='lat' dir='ltr'>est,</span> <span class='ocrx_word' id='word_1_47' title='bbox 523 441 555 468; x_wconf 84' lang='lat' dir='ltr'>et</span> <span class='ocrx_word' id='word_1_48' title='bbox 578 437 656 468; x_wconf 84' lang='lat' dir='ltr'>dicit</span> <span class='ocrx_word' id='word_1_49' title='bbox 680 447 752 467; x_wconf 89' lang='lat' dir='ltr'>eum</span> <span class='ocrx_word' id='word_1_50' title='bbox 783 436 823 467; x_wconf 86' lang='lat' dir='ltr'>ob</span> <span class='ocrx_word' id='word_1_51' title='bbox 852 435 912 466; x_wconf 84' lang='lat' dir='ltr'>hoc</span> <span class='ocrx_word' id='word_1_52' title='bbox 944 434 1082 474; x_wconf 82' lang='lat' dir='ltr'>venisse,</span> <span class='ocrx_word' id='word_1_53' title='bbox 1111 445 1150 465; x_wconf 93' lang='lat' dir='ltr'>ne</span> <span class='ocrx_word' id='word_1_54' title='bbox 1181 434 1319 465; x_wconf 85' lang='lat' dir='ltr'>amicum</span> <span class='ocrx_word' id='word_1_55' title='bbox 1348 434 1441 465; x_wconf 88' lang='lat' dir='ltr'>relin-</span> 
     </span>
     <span class='ocr_line' id='line_1_7' title="bbox 166 488 1442 532; baseline -0.003 -10"><span class='ocrx_word' id='word_1_56' title='bbox 166 493 292 531; x_wconf 76' lang='lat' dir='ltr'>queret:</span> <span class='ocrx_word' id='word_1_57' title='bbox 317 493 373 522; x_wconf 86' lang='lat' dir='ltr'>aut</span> <span class='ocrx_word' id='word_1_58' title='bbox 397 490 659 532; x_wconf 84' lang='lat' dir='ltr'>distinguendum</span> <span class='ocrx_word' id='word_1_59' title='bbox 683 501 740 531; x_wconf 87' lang='lat' dir='ltr'>per</span> <span class='ocrx_word' id='word_1_60' title='bbox 764 501 810 530; x_wconf 66' lang='lat' dir='ltr'>se,</span> <span class='ocrx_word' id='word_1_61' title='bbox 835 491 867 520; x_wconf 85' lang='lat' dir='ltr'>et</span> <span class='ocrx_word' id='word_1_62' title='bbox 896 490 945 519; x_wconf 84' lang='lat' dir='ltr'>est</span> <span class='ocrx_word' id='word_1_63' title='bbox 974 488 1192 519; x_wconf 80' lang='lat' dir='ltr'>nominativus</span> <span class='ocrx_word' id='word_1_64' title='bbox 1221 488 1372 528; x_wconf 86' lang='lat' dir='ltr'>pluralis,</span> <span class='ocrx_word' id='word_1_65' title='bbox 1405 490 1442 519; x_wconf 86' lang='lat' dir='ltr'>ut</span> 
     </span>
     <span class='ocr_line' id='line_1_8' title="bbox 166 541 1440 584; baseline -0.002 -9"><span class='ocrx_word' id='word_1_66' title='bbox 166 543 288 584; x_wconf 77' lang='lat' dir='ltr'>‘pueri’</span> <span class='ocrx_word' id='word_1_67' title='bbox 313 555 375 575; x_wconf 88' lang='lat' dir='ltr'>non</span> <span class='ocrx_word' id='word_1_68' title='bbox 400 544 576 575; x_wconf 85' lang='lat' dir='ltr'>referamus</span> <span class='ocrx_word' id='word_1_69' title='bbox 602 544 641 575; x_wconf 85' lang='lat' dir='ltr'>ad</span> <span class='ocrx_word' id='word_1_70' title='bbox 667 546 814 582; x_wconf 80' lang='lat' dir='ltr'>aetatem,</span> <span class='ocrx_word' id='word_1_71' title='bbox 839 542 894 574; x_wconf 85' lang='lat' dir='ltr'>sed</span> <span class='ocrx_word' id='word_1_72' title='bbox 919 542 958 573; x_wconf 84' lang='lat' dir='ltr'>ad</span> <span class='ocrx_word' id='word_1_73' title='bbox 982 541 1119 582; x_wconf 86' lang='lat' dir='ltr'>agonale</span> <span class='ocrx_word' id='word_1_74' title='bbox 1145 541 1295 581; x_wconf 81' lang='lat' dir='ltr'>studium,</span> <span class='ocrx_word' id='word_1_75' title='bbox 1320 542 1353 572; x_wconf 88' lang='lat' dir='ltr'>in</span> <span class='ocrx_word' id='word_1_76' title='bbox 1379 552 1440 582; x_wconf 91' lang='lat' dir='ltr'>quo</span> 
     </span>
     <span class='ocr_line' id='line_1_9' title="bbox 166 592 1442 638; baseline -0.002 -10"><span class='ocrx_word' id='word_1_77' title='bbox 166 600 241 628; x_wconf 76' lang='lat' dir='ltr'>sunt</span> <span class='ocrx_word' id='word_1_78' title='bbox 264 608 435 638; x_wconf 86' lang='lat' dir='ltr'>puerorum</span> <span class='ocrx_word' id='word_1_79' title='bbox 460 599 492 628; x_wconf 86' lang='lat' dir='ltr'>et</span> <span class='ocrx_word' id='word_1_80' title='bbox 516 597 657 628; x_wconf 86' lang='lat' dir='ltr'>virorum</span> <span class='ocrx_word' id='word_1_81' title='bbox 678 598 828 637; x_wconf 84' lang='lat' dir='ltr'>separata</span> <span class='ocrx_word' id='word_1_82' title='bbox 848 595 1035 627; x_wconf 84' lang='lat' dir='ltr'>certamina:</span> <span class='ocrx_word' id='word_1_83' title='bbox 1060 606 1134 626; x_wconf 87' lang='lat' dir='ltr'>nam</span> <span class='ocrx_word' id='word_1_84' title='bbox 1159 592 1280 635; x_wconf 74' lang='grc' dir='ltr'><em>ἄνδρες</em></span> <span class='ocrx_word' id='word_1_85' title='bbox 1298 593 1352 625; x_wconf 75' lang='grc' dir='ltr'>καὶ</span> <span class='ocrx_word' id='word_1_86' title='bbox 1372 599 1442 625; x_wconf 79' lang='grc' dir='ltr'><strong><em>παῖ-</em></strong></span> 
     </span>
     <span class='ocr_line' id='line_1_10' title="bbox 166 645 1228 692; baseline -0.003 -11"><span class='ocrx_word' id='word_1_87' title='bbox 166 650 220 687; x_wconf 78' lang='grc' dir='ltr'>δες</span> <span class='ocrx_word' id='word_1_88' title='bbox 245 650 401 692; x_wconf 81' lang='lat' dir='ltr'>dicuntur,</span> <span class='ocrx_word' id='word_1_89' title='bbox 426 651 501 681; x_wconf 82' lang='lat' dir='ltr'>licet</span> <span class='ocrx_word' id='word_1_90' title='bbox 524 661 588 681; x_wconf 85' lang='lat' dir='ltr'>non</span> <span class='ocrx_word' id='word_1_91' title='bbox 614 651 679 681; x_wconf 82' lang='lat' dir='ltr'>sint</span> <span class='ocrx_word' id='word_1_92' title='bbox 703 650 796 680; x_wconf 88' lang='lat' dir='ltr'>unius</span> <span class='ocrx_word' id='word_1_93' title='bbox 821 649 937 680; x_wconf 84' lang='lat' dir='ltr'>aetatis</span> <span class='ocrx_word' id='word_1_94' title='bbox 961 648 1076 685; x_wconf 79' lang='grc' dir='ltr'><em>παῖδες</em></span> <span class='ocrx_word' id='word_1_95' title='bbox 1099 645 1228 688; x_wconf 73' lang='grc' dir='ltr'><strong><em>ἄνδρες.</em></strong></span> 
     </span>
    </p>

    <p class='ocr_par' dir='ltr' id='par_1_4' title="bbox 255 703 624 743">
     <span class='ocr_line' id='line_1_11' title="bbox 255 703 624 743; baseline 0.003 -9"><span class='ocrx_word' id='word_1_96' title='bbox 255 703 328 734; x_wconf 80' lang='lat'>297.</span> <span class='ocrx_word' id='word_1_97' title='bbox 366 716 471 735; x_wconf 59' lang='lat' dir='ltr'>amnas</span> <span class='ocrx_word' id='word_1_98' title='bbox 494 703 517 743; x_wconf 88' lang='lat'>†</span> <span class='ocrx_word' id='word_1_99' title='bbox 532 704 624 735; x_wconf 72' lang='lat' dir='ltr'>nonli.</span> 
     </span>
    </p>

    <p class='ocr_par' dir='ltr' id='par_1_5' title="bbox 254 755 1316 798">
     <span class='ocr_line' id='line_1_12' title="bbox 254 755 1316 798; baseline -0.002 -10"><span class='ocrx_word' id='word_1_100' title='bbox 254 757 326 788; x_wconf 81' lang='lat'>298.</span> <span class='ocrx_word' id='word_1_101' title='bbox 364 766 527 788; x_wconf 74' lang='lat' dir='ltr'>ACARNAN</span> <span class='ocrx_word' id='word_1_102' title='bbox 551 757 702 798; x_wconf 85' lang='lat' dir='ltr'>Epirota:</span> <span class='ocrx_word' id='word_1_103' title='bbox 727 756 911 788; x_wconf 78' lang='lat' dir='ltr'>Acarnania</span> <span class='ocrx_word' id='word_1_104' title='bbox 934 756 1019 787; x_wconf 85' lang='lat' dir='ltr'>enim</span> <span class='ocrx_word' id='word_1_105' title='bbox 1044 757 1094 786; x_wconf 82' lang='lat' dir='ltr'>est</span> <span class='ocrx_word' id='word_1_106' title='bbox 1118 766 1191 796; x_wconf 87' lang='lat' dir='ltr'>pars</span> <span class='ocrx_word' id='word_1_107' title='bbox 1217 755 1316 796; x_wconf 87' lang='lat' dir='ltr'>Epiri.</span> 
     </span>
    </p>

    <p class='ocr_par' dir='ltr' id='par_1_6' title="bbox 165 808 1443 1065">
     <span class='ocr_line' id='line_1_13' title="bbox 254 808 1442 850; baseline -0.002 -8"><span class='ocrx_word' id='word_1_108' title='bbox 254 810 326 841; x_wconf 81' lang='lat'>299.</span> <span class='ocrx_word' id='word_1_109' title='bbox 364 820 546 842; x_wconf 80' lang='lat' dir='ltr'>TEGEAEAE</span> <span class='ocrx_word' id='word_1_110' title='bbox 578 811 604 841; x_wconf 89' lang='lat' dir='ltr'>si</span> <span class='ocrx_word' id='word_1_111' title='bbox 636 810 845 841; x_wconf 82' lang='lat' dir='ltr'>derivativum</span> <span class='ocrx_word' id='word_1_112' title='bbox 880 809 979 840; x_wconf 83' lang='lat' dir='ltr'>fuerit</span> <span class='ocrx_word' id='word_1_113' title='bbox 1012 808 1084 840; x_wconf 75' lang='lat' dir='ltr'>‘de’</span> <span class='ocrx_word' id='word_1_114' title='bbox 1122 820 1185 840; x_wconf 89' lang='lat' dir='ltr'>non</span> <span class='ocrx_word' id='word_1_115' title='bbox 1219 809 1375 850; x_wconf 81' lang='lat' dir='ltr'>sequitur3</span> <span class='ocrx_word' id='word_1_116' title='bbox 1415 810 1442 840; x_wconf 90' lang='lat' dir='ltr'>si</span> 
     </span>
     <span class='ocr_line' id='line_1_14' title="bbox 166 861 1443 906; baseline -0.002 -11"><span class='ocrx_word' id='word_1_117' title='bbox 166 863 325 905; x_wconf 76' lang='lat' dir='ltr'>‘Tegeae&#39;</span> <span class='ocrx_word' id='word_1_118' title='bbox 351 865 539 906; x_wconf 80' lang='lat' dir='ltr'>legerimus,</span> <span class='ocrx_word' id='word_1_119' title='bbox 564 875 628 895; x_wconf 91' lang='lat' dir='ltr'>non</span> <span class='ocrx_word' id='word_1_120' title='bbox 656 866 721 895; x_wconf 84' lang='lat' dir='ltr'>stat</span> <span class='ocrx_word' id='word_1_121' title='bbox 740 874 864 903; x_wconf 84' lang='lat' dir='ltr'>versus,</span> <span class='ocrx_word' id='word_1_122' title='bbox 884 863 946 893; x_wconf 86' lang='lat' dir='ltr'>nisi</span> <span class='ocrx_word' id='word_1_123' title='bbox 966 862 1076 893; x_wconf 85' lang='lat' dir='ltr'>addita</span> <span class='ocrx_word' id='word_1_124' title='bbox 1096 861 1166 893; x_wconf 73' lang='lat' dir='ltr'>‘de&#39;</span> <span class='ocrx_word' id='word_1_125' title='bbox 1188 862 1322 903; x_wconf 81' lang='lat' dir='ltr'>syllaba.</span> <span class='ocrx_word' id='word_1_126' title='bbox 1360 862 1443 893; x_wconf 90' lang='lat' dir='ltr'>deri-</span> 
     </span>
     <span class='ocr_line' id='line_1_15' title="bbox 165 915 1442 957; baseline -0.002 -8"><span class='ocrx_word' id='word_1_127' title='bbox 165 918 307 949; x_wconf 80' lang='lat' dir='ltr'>vativum</span> <span class='ocrx_word' id='word_1_128' title='bbox 337 920 442 949; x_wconf 84' lang='lat' dir='ltr'>autem</span> <span class='ocrx_word' id='word_1_129' title='bbox 475 918 529 949; x_wconf 88' lang='lat' dir='ltr'>ille</span> <span class='ocrx_word' id='word_1_130' title='bbox 559 917 681 948; x_wconf 84' lang='lat' dir='ltr'>indicat</span> <span class='ocrx_word' id='word_1_131' title='bbox 709 917 798 948; x_wconf 90' lang='lat' dir='ltr'>locus</span> <span class='ocrx_word' id='word_1_132' title='bbox 824 915 923 957; x_wconf 83' lang='lat' dir='ltr'>&lt;VIII</span> <span class='ocrx_word' id='word_1_133' title='bbox 948 916 1034 955; x_wconf 79' lang='lat'>459&gt;</span> <span class='ocrx_word' id='word_1_134' title='bbox 1059 918 1149 947; x_wconf 72' lang='lat' dir='ltr'>tune</span> <span class='ocrx_word' id='word_1_135' title='bbox 1180 916 1298 947; x_wconf 79' lang='lat' dir='ltr'>lateri</span> <span class='ocrx_word' id='word_1_136' title='bbox 1328 918 1442 957; x_wconf 84' lang='lat' dir='ltr'>atque</span> 
     </span>
     <span class='ocr_line' id='line_1_16' title="bbox 165 969 1442 1012; baseline -0.002 -10"><span class='ocrx_word' id='word_1_137' title='bbox 165 971 305 1002; x_wconf 88' lang='lat' dir='ltr'>umeris</span> <span class='ocrx_word' id='word_1_138' title='bbox 338 971 550 1012; x_wconf 73' lang='lat' dir='ltr'>Tegeaeum</span> <span class='ocrx_word' id='word_1_139' title='bbox 586 971 760 1012; x_wconf 77' lang='lat' dir='ltr'>subligat</span> <span class='ocrx_word' id='word_1_140' title='bbox 791 981 925 1001; x_wconf 83' lang='lat' dir='ltr'>ensem.</span> <span class='ocrx_word' id='word_1_141' title='bbox 981 972 1013 1000; x_wconf 85' lang='lat' dir='ltr'>et</span> <span class='ocrx_word' id='word_1_142' title='bbox 1040 969 1181 1011; x_wconf 81' lang='lat' dir='ltr'>Tegeum</span> <span class='ocrx_word' id='word_1_143' title='bbox 1210 969 1363 1010; x_wconf 87' lang='lat' dir='ltr'>oppidum</span> <span class='ocrx_word' id='word_1_144' title='bbox 1393 971 1442 1000; x_wconf 82' lang='lat' dir='ltr'>est</span> 
     </span>
     <span class='ocr_line' id='line_1_17' title="bbox 166 1024 749 1065; baseline 0 -10"><span class='ocrx_word' id='word_1_145' title='bbox 166 1024 331 1065; x_wconf 82' lang='lat' dir='ltr'>Arcadiae,</span> <span class='ocrx_word' id='word_1_146' title='bbox 354 1036 372 1055; x_wconf 82' lang='grc' dir='ltr'><em>α</em></span> <span class='ocrx_word' id='word_1_147' title='bbox 403 1025 494 1065; x_wconf 66' lang='lat' dir='ltr'>Tegyra</span> <span class='ocrx_word' id='word_1_148' title='bbox 519 1025 652 1056; x_wconf 68' lang='lat' dir='ltr'>Arcadis</span> <span class='ocrx_word' id='word_1_149' title='bbox 675 1025 749 1064; x_wconf 74' lang='lat' dir='ltr'>filio.</span> 
     </span>
    </p>

    <p class='ocr_par' dir='ltr' id='par_1_7' title="bbox 166 1076 1442 1163">
     <span class='ocr_line' id='line_1_18' title="bbox 254 1076 1442 1117; baseline -0.001 -8"><span class='ocrx_word' id='word_1_150' title='bbox 254 1078 325 1109; x_wconf 83' lang='lat'>300.</span> <span class='ocrx_word' id='word_1_151' title='bbox 365 1091 505 1110; x_wconf 71' lang='lat' dir='ltr'>HELYMJ&#39;S</span> <span class='ocrx_word' id='word_1_152' title='bbox 528 1089 589 1109; x_wconf 75' lang='lat' dir='ltr'>ecee</span> <span class='ocrx_word' id='word_1_153' title='bbox 612 1078 664 1109; x_wconf 71' lang='lat' dir='ltr'>ubi</span> <span class='ocrx_word' id='word_1_154' title='bbox 691 1078 841 1109; x_wconf 56' lang='lat' dir='ltr'>subtiliter</span> <span class='ocrx_word' id='word_1_155' title='bbox 869 1077 1036 1117; x_wconf 74' lang='lat' dir='ltr'>Helymum</span> <span class='ocrx_word' id='word_1_156' title='bbox 1066 1087 1133 1107; x_wconf 77' lang='lat' dir='ltr'>eum</span> <span class='ocrx_word' id='word_1_157' title='bbox 1163 1077 1268 1107; x_wconf 77' lang='lat' dir='ltr'>Aceste</span> <span class='ocrx_word' id='word_1_158' title='bbox 1296 1077 1338 1108; x_wconf 81' lang='lat' dir='ltr'>ad</span> <span class='ocrx_word' id='word_1_159' title='bbox 1364 1076 1442 1108; x_wconf 67' lang='lat' dir='ltr'>Sici-</span> 
     </span>
     <span class='ocr_line' id='line_1_19' title="bbox 166 1129 1121 1163; baseline 0 -2"><span class='ocrx_word' id='word_1_160' title='bbox 166 1131 241 1162; x_wconf 74' lang='lat' dir='ltr'>liam</span> <span class='ocrx_word' id='word_1_161' title='bbox 265 1132 337 1162; x_wconf 54' lang='lat' dir='ltr'><em>dicit</em></span> <span class='ocrx_word' id='word_1_162' title='bbox 360 1132 474 1163; x_wconf 72' lang='lat' dir='ltr'>venisse</span> <span class='ocrx_word' id='word_1_163' title='bbox 497 1142 565 1163; x_wconf 73' lang='lat' dir='ltr'>cum</span> <span class='ocrx_word' id='word_1_164' title='bbox 589 1133 634 1162; x_wconf 70' lang='lat' dir='ltr'>ait</span> <span class='ocrx_word' id='word_1_165' title='bbox 658 1131 794 1163; x_wconf 72' lang='lat' dir='ltr'>‘comites</span> <span class='ocrx_word' id='word_1_166' title='bbox 817 1131 947 1162; x_wconf 69' lang='lat' dir='ltr'>senioris</span> <span class='ocrx_word' id='word_1_167' title='bbox 971 1129 1121 1161; x_wconf 49' lang='lat' dir='ltr'>Acestae&amp;</span> 
     </span>
    </p>

    <p class='ocr_par' dir='ltr' id='par_1_8' title="bbox 254 1185 908 1216">
     <span class='ocr_line' id='line_1_20' title="bbox 254 1185 908 1216; baseline -0.003 0"><span class='ocrx_word' id='word_1_168' title='bbox 254 1185 327 1216; x_wconf 86' lang='lat'>301.</span> <span class='ocrx_word' id='word_1_169' title='bbox 366 1198 492 1216; x_wconf 70' lang='lat' dir='ltr'><em>ADSVETI</em></span> <span class='ocrx_word' id='word_1_170' title='bbox 508 1197 604 1216; x_wconf 64' lang='lat' dir='ltr'>sams</span> <span class='ocrx_word' id='word_1_171' title='bbox 626 1185 660 1216; x_wconf 66' lang='lat' dir='ltr'>id</span> <span class='ocrx_word' id='word_1_172' title='bbox 682 1187 724 1216; x_wconf 70' lang='lat' dir='ltr'>est</span> <span class='ocrx_word' id='word_1_173' title='bbox 746 1187 908 1215; x_wconf 75' lang='lat' dir='ltr'>venatores.</span> 
     </span>
    </p>

    <p class='ocr_par' dir='ltr' id='par_1_9' title="bbox 165 1237 1441 1323">
     <span class='ocr_line' id='line_1_21' title="bbox 255 1237 1441 1277; baseline -0.001 -8"><span class='ocrx_word' id='word_1_174' title='bbox 255 1238 327 1269; x_wconf 68' lang='lat'>30⁵2.</span> <span class='ocrx_word' id='word_1_175' title='bbox 365 1247 453 1275; x_wconf 76' lang='lat' dir='ltr'>Qvos</span> <span class='ocrx_word' id='word_1_176' title='bbox 470 1247 564 1269; x_wconf 80' lang='lat' dir='ltr'><strong>FAMA</strong></span> <span class='ocrx_word' id='word_1_177' title='bbox 583 1247 738 1270; x_wconf 71' lang='lat' dir='ltr'>onsovaA</span> <span class='ocrx_word' id='word_1_178' title='bbox 759 1246 933 1269; x_wconf 82' lang='lat' dir='ltr'>RECONDIT</span> <span class='ocrx_word' id='word_1_179' title='bbox 953 1237 1006 1268; x_wconf 72' lang='lat' dir='ltr'>hoe</span> <span class='ocrx_word' id='word_1_180' title='bbox 1024 1238 1148 1268; x_wconf 71' lang='lat' dir='ltr'>dicendo</span> <span class='ocrx_word' id='word_1_181' title='bbox 1169 1248 1225 1277; x_wconf 87' lang='lat' dir='ltr'>per</span> <span class='ocrx_word' id='word_1_182' title='bbox 1245 1238 1441 1268; x_wconf 80' lang='lat' dir='ltr'>eontrarium</span> 
     </span>
     <span class='ocr_line' id='line_1_22' title="bbox 165 1291 804 1323; baseline 0.002 -1"><span class='ocrx_word' id='word_1_183' title='bbox 165 1291 239 1322; x_wconf 86' lang='lat' dir='ltr'>illos</span> <span class='ocrx_word' id='word_1_184' title='bbox 264 1302 375 1322; x_wconf 87' lang='lat' dir='ltr'>omnes</span> <span class='ocrx_word' id='word_1_185' title='bbox 401 1302 469 1322; x_wconf 87' lang='lat' dir='ltr'>esse</span> <span class='ocrx_word' id='word_1_186' title='bbox 493 1292 617 1323; x_wconf 81' lang='lat' dir='ltr'>nobiles</span> <span class='ocrx_word' id='word_1_187' title='bbox 642 1292 804 1323; x_wconf 85' lang='lat' dir='ltr'>indicavit.</span> 
     </span>
    </p>

    <p class='ocr_par' dir='ltr' id='par_1_10' title="bbox 166 1343 1443 1493">
     <span class='ocr_line' id='line_1_23' title="bbox 255 1343 1443 1377; baseline -0.001 -1"><span class='ocrx_word' id='word_1_188' title='bbox 255 1345 327 1376; x_wconf 81' lang='grc'>306.</span> <span class='ocrx_word' id='word_1_189' title='bbox 366 1353 489 1376; x_wconf 85' lang='lat' dir='ltr'>CNOSIA</span> <span class='ocrx_word' id='word_1_190' title='bbox 523 1344 704 1376; x_wconf 83' lang='lat' dir='ltr'>Cretensia:</span> <span class='ocrx_word' id='word_1_191' title='bbox 738 1344 859 1377; x_wconf 81' lang='lat' dir='ltr'>Cnosos</span> <span class='ocrx_word' id='word_1_192' title='bbox 894 1345 979 1376; x_wconf 83' lang='lat' dir='ltr'>enim</span> <span class='ocrx_word' id='word_1_193' title='bbox 1013 1347 1062 1375; x_wconf 86' lang='lat' dir='ltr'>est</span> <span class='ocrx_word' id='word_1_194' title='bbox 1094 1345 1208 1376; x_wconf 82' lang='lat' dir='ltr'>civitas</span> <span class='ocrx_word' id='word_1_195' title='bbox 1244 1343 1364 1376; x_wconf 85' lang='lat' dir='ltr'>Cretae.</span> <span class='ocrx_word' id='word_1_196' title='bbox 1412 1346 1443 1375; x_wconf 86' lang='lat' dir='ltr'>et</span> 
     </span>
     <span class='ocr_line' id='line_1_24' title="bbox 166 1398 1442 1440; baseline 0 -11"><span class='ocrx_word' id='word_1_197' title='bbox 166 1398 255 1438; x_wconf 83' lang='lat' dir='ltr'>bene,</span> <span class='ocrx_word' id='word_1_198' title='bbox 280 1399 362 1429; x_wconf 83' lang='lat' dir='ltr'>sicut</span> <span class='ocrx_word' id='word_1_199' title='bbox 385 1399 482 1429; x_wconf 81' lang='lat' dir='ltr'>etiam</span> <span class='ocrx_word' id='word_1_200' title='bbox 503 1399 534 1429; x_wconf 91' lang='lat' dir='ltr'>in</span> <span class='ocrx_word' id='word_1_201' title='bbox 557 1399 701 1440; x_wconf 80' lang='lat' dir='ltr'>navibus,</span> <span class='ocrx_word' id='word_1_202' title='bbox 722 1402 753 1430; x_wconf 86' lang='lat' dir='ltr'>et</span> <span class='ocrx_word' id='word_1_203' title='bbox 773 1399 936 1440; x_wconf 80' lang='lat' dir='ltr'>generalia</span> <span class='ocrx_word' id='word_1_204' title='bbox 956 1399 1010 1429; x_wconf 86' lang='lat' dir='ltr'>dat</span> <span class='ocrx_word' id='word_1_205' title='bbox 1030 1400 1061 1429; x_wconf 84' lang='lat' dir='ltr'>et</span> <span class='ocrx_word' id='word_1_206' title='bbox 1081 1398 1241 1439; x_wconf 79' lang='lat' dir='ltr'>specialia.</span> <span class='ocrx_word' id='word_1_207' title='bbox 1302 1406 1442 1429; x_wconf 82' lang='lat' dir='ltr'>LEVATO</span> 
     </span>
     <span class='ocr_line' id='line_1_25' title="bbox 166 1450 1420 1493; baseline 0 -11"><span class='ocrx_word' id='word_1_208' title='bbox 166 1451 278 1492; x_wconf 83' lang='lat' dir='ltr'>nitido,</span> <span class='ocrx_word' id='word_1_209' title='bbox 302 1454 338 1482; x_wconf 87' lang='lat' dir='ltr'>ut</span> <span class='ocrx_word' id='word_1_210' title='bbox 362 1452 446 1492; x_wconf 83' lang='lat' dir='ltr'>&lt;VII</span> <span class='ocrx_word' id='word_1_211' title='bbox 473 1452 556 1492; x_wconf 79' lang='lat'>789&gt;</span> <span class='ocrx_word' id='word_1_212' title='bbox 582 1454 619 1483; x_wconf 87' lang='lat' dir='ltr'>at</span> <span class='ocrx_word' id='word_1_213' title='bbox 642 1452 761 1483; x_wconf 80' lang='lat' dir='ltr'>leven]</span> <span class='ocrx_word' id='word_1_214' title='bbox 787 1452 949 1493; x_wconf 83' lang='lat' dir='ltr'>clipeum</span> <span class='ocrx_word' id='word_1_215' title='bbox 975 1452 1141 1483; x_wconf 85' lang='lat' dir='ltr'>sublatis</span> <span class='ocrx_word' id='word_1_216' title='bbox 1167 1452 1346 1482; x_wconf 87' lang='lat' dir='ltr'>cornibus</span> <span class='ocrx_word' id='word_1_217' title='bbox 1371 1450 1420 1482; x_wconf 93' lang='lat' dir='ltr'>Io.</span> 
     </span>
    </p>

    <p class='ocr_par' dir='ltr' id='par_1_11' title="bbox 256 1505 1322 1546">
     <span class='ocr_line' id='line_1_26' title="bbox 256 1505 1322 1546; baseline 0 -10"><span class='ocrx_word' id='word_1_218' title='bbox 256 1505 328 1536; x_wconf 83' lang='lat'>308.</span> <span class='ocrx_word' id='word_1_219' title='bbox 366 1515 461 1536; x_wconf 83' lang='lat' dir='ltr'>PRIMI</span> <span class='ocrx_word' id='word_1_220' title='bbox 486 1506 623 1536; x_wconf 85' lang='lat' dir='ltr'>aliorum</span> <span class='ocrx_word' id='word_1_221' title='bbox 648 1506 889 1546; x_wconf 79' lang='lat' dir='ltr'>conparatione:</span> <span class='ocrx_word' id='word_1_222' title='bbox 914 1516 988 1536; x_wconf 87' lang='lat' dir='ltr'>nam</span> <span class='ocrx_word' id='word_1_223' title='bbox 1014 1516 1093 1536; x_wconf 89' lang='lat' dir='ltr'>unus</span> <span class='ocrx_word' id='word_1_224' title='bbox 1119 1508 1168 1536; x_wconf 86' lang='lat' dir='ltr'>est</span> <span class='ocrx_word' id='word_1_225' title='bbox 1191 1505 1322 1545; x_wconf 83' lang='lat' dir='ltr'>primus.</span> 
     </span>
    </p>
   </div>
   <div class='ocr_carea' id='block_1_3' title="bbox 239 1610 952 1645">
    <p class='ocr_par' dir='ltr' id='par_1_12' title="bbox 239 1610 952 1645">
     <span class='ocr_line' id='line_1_27' title="bbox 239 1610 952 1645; baseline 0.001 -9"><span class='ocrx_word' id='word_1_226' title='bbox 239 1614 253 1636; x_wconf 74' lang='lat'>2</span> <span class='ocrx_word' id='word_1_227' title='bbox 275 1610 434 1645; x_wconf 73' lang='lat' dir='ltr'>Sallustius]</span> <span class='ocrx_word' id='word_1_228' title='bbox 455 1611 519 1637; x_wconf 78' lang='lat' dir='ltr'>hist.</span> <span class='ocrx_word' id='word_1_229' title='bbox 540 1611 638 1645; x_wconf 83' lang='lat' dir='ltr'>fragm.</span> <span class='ocrx_word' id='word_1_230' title='bbox 659 1611 682 1636; x_wconf 92' lang='grc' dir='ltr'>ΙΙ</span> <span class='ocrx_word' id='word_1_231' title='bbox 703 1614 736 1637; x_wconf 73' lang='lat'>54</span> <span class='ocrx_word' id='word_1_232' title='bbox 752 1611 807 1644; x_wconf 85' lang='lat' dir='ltr'>Kr.,</span> <span class='ocrx_word' id='word_1_233' title='bbox 828 1612 851 1637; x_wconf 85' lang='grc' dir='ltr'>ΙΙ</span> <span class='ocrx_word' id='word_1_234' title='bbox 873 1614 905 1637; x_wconf 76' lang='lat'>45</span> <span class='ocrx_word' id='word_1_235' title='bbox 922 1611 952 1637; x_wconf 92' lang='lat' dir='ltr'>D.</span> 
     </span>
    </p>
   </div>
   <div class='ocr_carea' id='block_1_4' title="bbox 168 1707 1446 1850">
    <p class='ocr_par' dir='ltr' id='par_1_13' title="bbox 168 1707 1446 1850">
     <span class='ocr_line' id='line_1_28' title="bbox 238 1707 1442 1743; baseline -0.001 -9"><span class='ocrx_word' id='word_1_236' title='bbox 238 1711 251 1734; x_wconf 92' lang='lat'>1</span> <span class='ocrx_word' id='word_1_237' title='bbox 272 1708 365 1743; x_wconf 82' lang='lat' dir='ltr'>viridi]</span> <span class='ocrx_word' id='word_1_238' title='bbox 386 1708 511 1742; x_wconf 83' lang='lat' dir='ltr'>nidisque</span> <span class='ocrx_word' id='word_1_239' title='bbox 528 1709 557 1734; x_wconf 88' lang='lat' dir='ltr'><em>F</em></span> <span class='ocrx_word' id='word_1_240' title='bbox 569 1710 577 1743; x_wconf 85' lang='grc' dir='ltr'>ΙΙ</span> <span class='ocrx_word' id='word_1_241' title='bbox 592 1709 631 1743; x_wconf 81' lang='lat' dir='ltr'>et]</span> <span class='ocrx_word' id='word_1_242' title='bbox 653 1709 700 1735; x_wconf 72' lang='lat' dir='ltr'>sed</span> <span class='ocrx_word' id='word_1_243' title='bbox 716 1709 745 1734; x_wconf 85' lang='lat' dir='ltr'><em>F</em></span> <span class='ocrx_word' id='word_1_244' title='bbox 757 1710 765 1743; x_wconf 83' lang='grc' dir='ltr'>Η</span> <span class='ocrx_word' id='word_1_245' title='bbox 781 1713 795 1735; x_wconf 78' lang='grc'>2</span> <span class='ocrx_word' id='word_1_246' title='bbox 815 1709 913 1735; x_wconf 81' lang='lat' dir='ltr'>saltius</span> <span class='ocrx_word' id='word_1_247' title='bbox 934 1708 964 1734; x_wconf 86' lang='lat' dir='ltr'><strong><em>F</em></strong></span> <span class='ocrx_word' id='word_1_248' title='bbox 975 1709 984 1742; x_wconf 86' lang='grc' dir='ltr'>ΙΙ</span> <span class='ocrx_word' id='word_1_249' title='bbox 998 1708 1155 1734; x_wconf 72' lang='lat' dir='ltr'>mitridates</span> <span class='ocrx_word' id='word_1_250' title='bbox 1172 1707 1258 1733; x_wconf 81' lang='lat' dir='ltr'>FOL</span> <span class='ocrx_word' id='word_1_251' title='bbox 1266 1708 1302 1733; x_wconf 86' lang='lat' dir='ltr'><em>M</em></span> <span class='ocrx_word' id='word_1_252' title='bbox 1326 1708 1442 1741; x_wconf 82' lang='lat' dir='ltr'>mytrhi-</span> 
     </span>
     <span class='ocr_line' id='line_1_29' title="bbox 168 1743 1442 1778; baseline 0 -9"><span class='ocrx_word' id='word_1_253' title='bbox 168 1743 247 1770; x_wconf 79' lang='lat' dir='ltr'>dates</span> <span class='ocrx_word' id='word_1_254' title='bbox 266 1744 299 1770; x_wconf 87' lang='lat' dir='ltr'><em>H</em></span> <span class='ocrx_word' id='word_1_255' title='bbox 310 1745 318 1777; x_wconf 82' lang='grc' dir='ltr'><strong>Η</strong></span> <span class='ocrx_word' id='word_1_256' title='bbox 333 1746 447 1770; x_wconf 83' lang='lat' dir='ltr'>extrena</span> <span class='ocrx_word' id='word_1_257' title='bbox 466 1745 498 1770; x_wconf 86' lang='lat' dir='ltr'><em>H</em></span> <span class='ocrx_word' id='word_1_258' title='bbox 510 1746 518 1778; x_wconf 82' lang='grc' dir='ltr'>ΙΙ</span> <span class='ocrx_word' id='word_1_259' title='bbox 538 1748 554 1770; x_wconf 82' lang='grc'>4</span> <span class='ocrx_word' id='word_1_260' title='bbox 574 1745 610 1771; x_wconf 73' lang='lat' dir='ltr'>acl</span> <span class='ocrx_word' id='word_1_261' title='bbox 629 1745 674 1778; x_wconf 87' lang='lat' dir='ltr'>pio</span> <span class='ocrx_word' id='word_1_262' title='bbox 694 1754 768 1778; x_wconf 70' lang='lat' dir='ltr'>supr.</span> <span class='ocrx_word' id='word_1_263' title='bbox 788 1754 853 1771; x_wconf 71' lang='lat' dir='ltr'>vers.</span> <span class='ocrx_word' id='word_1_264' title='bbox 874 1746 950 1771; x_wconf 81' lang='lat' dir='ltr'>casto</span> <span class='ocrx_word' id='word_1_265' title='bbox 974 1744 998 1770; x_wconf 91' lang='lat' dir='ltr'><em>T</em></span> <span class='ocrx_word' id='word_1_266' title='bbox 1008 1745 1017 1777; x_wconf 84' lang='grc'>11</span> <span class='ocrx_word' id='word_1_267' title='bbox 1036 1743 1149 1770; x_wconf 79' lang='lat' dir='ltr'>infamie</span> <span class='ocrx_word' id='word_1_268' title='bbox 1170 1744 1205 1775; x_wconf 79' lang='lat' dir='ltr'>F,</span> <span class='ocrx_word' id='word_1_269' title='bbox 1224 1752 1292 1770; x_wconf 73' lang='lat' dir='ltr'>corr.</span> <span class='ocrx_word' id='word_1_270' title='bbox 1313 1743 1415 1769; x_wconf 73' lang='lat' dir='ltr'>Daniel</span> <span class='ocrx_word' id='word_1_271' title='bbox 1434 1744 1442 1776; x_wconf 70' lang='grc' dir='ltr'>ΙΙ</span> 
     </span>
     <span class='ocr_line' id='line_1_30' title="bbox 169 1778 1446 1813; baseline 0 -8"><span class='ocrx_word' id='word_1_272' title='bbox 169 1783 183 1805; x_wconf 82' lang='grc'>5</span> <span class='ocrx_word' id='word_1_273' title='bbox 204 1779 342 1812; x_wconf 77' lang='lat' dir='ltr'>linqueret</span> <span class='ocrx_word' id='word_1_274' title='bbox 362 1780 409 1813; x_wconf 78' lang='grc'>011</span> <span class='ocrx_word' id='word_1_275' title='bbox 433 1783 447 1806; x_wconf 90' lang='grc'>8</span> <span class='ocrx_word' id='word_1_276' title='bbox 467 1789 579 1806; x_wconf 57' lang='lat' dir='ltr'>amram</span> <span class='ocrx_word' id='word_1_277' title='bbox 601 1789 635 1806; x_wconf 67' lang='lat' dir='ltr'>Ka</span> <span class='ocrx_word' id='word_1_278' title='bbox 654 1781 682 1806; x_wconf 87' lang='lat' dir='ltr'>in</span> <span class='ocrx_word' id='word_1_279' title='bbox 702 1789 735 1806; x_wconf 80' lang='lat' dir='ltr'>ea.</span> <span class='ocrx_word' id='word_1_280' title='bbox 755 1789 785 1806; x_wconf 88' lang='lat' dir='ltr'>ec</span> <span class='ocrx_word' id='word_1_281' title='bbox 806 1780 835 1806; x_wconf 84' lang='lat' dir='ltr'><em>F</em></span> <span class='ocrx_word' id='word_1_282' title='bbox 861 1789 972 1806; x_wconf 62' lang='lat' dir='ltr'>Annam</span> <span class='ocrx_word' id='word_1_283' title='bbox 992 1789 1038 1805; x_wconf 64' lang='lat' dir='ltr'>imi</span> <span class='ocrx_word' id='word_1_284' title='bbox 1060 1788 1139 1805; x_wconf 70' lang='grc' dir='ltr'>ΠεΔεε</span> <span class='ocrx_word' id='word_1_285' title='bbox 1161 1780 1182 1804; x_wconf 80' lang='lat' dir='ltr'><strong><em>C</em></strong></span> <span class='ocrx_word' id='word_1_286' title='bbox 1209 1779 1308 1805; x_wconf 83' lang='lat' dir='ltr'>andres</span> <span class='ocrx_word' id='word_1_287' title='bbox 1328 1787 1393 1812; x_wconf 85' lang='lat' dir='ltr'>cepe</span> <span class='ocrx_word' id='word_1_288' title='bbox 1414 1778 1446 1804; x_wconf 93' lang='lat' dir='ltr'><strong><em>N</em></strong></span> 
     </span>
     <span class='ocr_line' id='line_1_31' title="bbox 169 1815 1442 1850; baseline 0 -10"><span class='ocrx_word' id='word_1_289' title='bbox 169 1815 267 1841; x_wconf 76' lang='lat' dir='ltr'>andi-es</span> <span class='ocrx_word' id='word_1_290' title='bbox 287 1816 420 1848; x_wconf 82' lang='lat' dir='ltr'>caepedes</span> <span class='ocrx_word' id='word_1_291' title='bbox 440 1816 465 1841; x_wconf 84' lang='lat' dir='ltr'><em>L</em></span> <span class='ocrx_word' id='word_1_292' title='bbox 484 1816 548 1848; x_wconf 79' lang='lat' dir='ltr'>(uiri</span> <span class='ocrx_word' id='word_1_293' title='bbox 567 1817 595 1842; x_wconf 81' lang='lat' dir='ltr'>et</span> <span class='ocrx_word' id='word_1_294' title='bbox 614 1817 693 1850; x_wconf 83' lang='lat' dir='ltr'>pueri</span> <span class='ocrx_word' id='word_1_295' title='bbox 711 1825 842 1849; x_wconf 57' lang='grc' dir='ltr'>διψῶ-εον.</span> <span class='ocrx_word' id='word_1_296' title='bbox 859 1817 878 1849; x_wconf 84' lang='lat' dir='ltr'>I)</span> <span class='ocrx_word' id='word_1_297' title='bbox 904 1816 1003 1842; x_wconf 81' lang='lat' dir='ltr'>andres</span> <span class='ocrx_word' id='word_1_298' title='bbox 1023 1815 1139 1848; x_wconf 83' lang='lat' dir='ltr'>cepedes</span> <span class='ocrx_word' id='word_1_299' title='bbox 1156 1815 1187 1840; x_wconf 89' lang='lat' dir='ltr'><em>H</em></span> <span class='ocrx_word' id='word_1_300' title='bbox 1208 1815 1311 1841; x_wconf 73' lang='lat' dir='ltr'>andiu-:s</span> <span class='ocrx_word' id='word_1_301' title='bbox 1331 1823 1376 1840; x_wconf 74' lang='lat' dir='ltr'>xa1</span> <span class='ocrx_word' id='word_1_302' title='bbox 1396 1823 1442 1848; x_wconf 88' lang='lat' dir='ltr'>pe-</span> 
     </span>
    </p>
   </div>
   <div class='ocr_carea' id='block_1_5' title="bbox 169 1868 1443 1903">
    <p class='ocr_par' dir='ltr' id='par_1_14' title="bbox 169 1868 1443 1903">
     <span class='ocr_line' id='line_1_32' title="bbox 169 1868 1443 1903; baseline -0.001 -9"><span class='ocrx_word' id='word_1_303' title='bbox 169 1868 217 1894; x_wconf 87' lang='lat' dir='ltr'>des</span> <span class='ocrx_word' id='word_1_304' title='bbox 238 1869 273 1894; x_wconf 87' lang='lat' dir='ltr'><strong><em>M</em></strong></span> <span class='ocrx_word' id='word_1_305' title='bbox 286 1869 295 1902; x_wconf 77' lang='grc' dir='ltr'>ΙΙ</span> <span class='ocrx_word' id='word_1_306' title='bbox 310 1872 324 1894; x_wconf 87' lang='grc'><strong>9</strong></span> <span class='ocrx_word' id='word_1_307' title='bbox 344 1868 488 1895; x_wconf 80' lang='lat' dir='ltr'>discuntur</span> <span class='ocrx_word' id='word_1_308' title='bbox 508 1869 564 1895; x_wconf 75' lang='lat' dir='ltr'>FC</span> <span class='ocrx_word' id='word_1_309' title='bbox 582 1870 604 1901; x_wconf 87' lang='lat' dir='ltr'>(s</span> <span class='ocrx_word' id='word_1_310' title='bbox 624 1870 673 1895; x_wconf 75' lang='lat' dir='ltr'>del.</span> <span class='ocrx_word' id='word_1_311' title='bbox 693 1871 716 1901; x_wconf 83' lang='lat' dir='ltr'>e)</span> <span class='ocrx_word' id='word_1_312' title='bbox 731 1870 740 1903; x_wconf 78' lang='grc' dir='ltr'>ΙΙ</span> <span class='ocrx_word' id='word_1_313' title='bbox 755 1877 808 1895; x_wconf 89' lang='lat' dir='ltr'>non</span> <span class='ocrx_word' id='word_1_314' title='bbox 830 1890 834 1895; x_wconf 95' lang='lat'>.</span> <span class='ocrx_word' id='word_1_315' title='bbox 853 1891 858 1895; x_wconf 93' lang='lat'>.</span> <span class='ocrx_word' id='word_1_316' title='bbox 875 1890 880 1895; x_wconf 90' lang='lat'>.</span> <span class='ocrx_word' id='word_1_317' title='bbox 901 1868 1015 1903; x_wconf 76' lang='lat' dir='ltr'>aetatis]</span> <span class='ocrx_word' id='word_1_318' title='bbox 1035 1868 1160 1894; x_wconf 81' lang='lat' dir='ltr'>confusio</span> <span class='ocrx_word' id='word_1_319' title='bbox 1181 1868 1218 1894; x_wconf 84' lang='lat' dir='ltr'>sit</span> <span class='ocrx_word' id='word_1_320' title='bbox 1236 1869 1360 1894; x_wconf 81' lang='lat' dir='ltr'>aetatum</span> <span class='ocrx_word' id='word_1_321' title='bbox 1382 1868 1417 1893; x_wconf 84' lang='lat' dir='ltr'><em>M</em></span> <span class='ocrx_word' id='word_1_322' title='bbox 1435 1868 1443 1902; x_wconf 81' lang='grc' dir='ltr'>Η</span> 
     </span>
    </p>
   </div>
   <div class='ocr_carea' id='block_1_6' title="bbox 170 1674 312 1676">
    <p class='ocr_par' dir='ltr' id='par_1_15' title="bbox 170 1674 312 1676">
     <span class='ocr_line' id='line_1_33' title="bbox 170 1674 312 1676; baseline 0 0"><span class='ocrx_word' id='word_1_323' title='bbox 170 1674 312 1676; x_wconf 95' lang='lat' dir='ltr'> </span> 
     </span>
    </p>
   </div>
   <div class='ocr_carea' id='block_1_7' title="bbox 903 1854 973 1856">
    <p class='ocr_par' dir='ltr' id='par_1_16' title="bbox 903 1854 973 1856">
     <span class='ocr_line' id='line_1_34' title="bbox 903 1854 973 1856; baseline 0 0"><span class='ocrx_word' id='word_1_324' title='bbox 903 1854 973 1856; x_wconf 95' lang='lat' dir='ltr'> </span> 
     </span>
    </p>
   </div>
   <div class='ocr_carea' id='block_1_8' title="bbox 977 1853 1139 1855">
    <p class='ocr_par' dir='ltr' id='par_1_17' title="bbox 977 1853 1139 1855">
     <span class='ocr_line' id='line_1_35' title="bbox 977 1853 1139 1855; baseline 0 0"><span class='ocrx_word' id='word_1_325' title='bbox 977 1853 1139 1855; x_wconf 95' lang='lat' dir='ltr'> </span> 
     </span>
    </p>
   </div>
   <div class='ocr_carea' id='block_1_9' title="bbox 169 1920 1443 2081">
    <p class='ocr_par' dir='ltr' id='par_1_18' title="bbox 169 1920 1443 2081">
     <span class='ocr_line' id='line_1_36' title="bbox 814 1920 827 1933; baseline 0 0"><span class='ocrx_word' id='word_1_326' title='bbox 814 1920 827 1933; x_wconf 65' lang='lat' dir='ltr'><strong>d</strong></span> 
     </span>
     <span class='ocr_line' id='line_1_37' title="bbox 169 1939 1443 1973; baseline 0 -8"><span class='ocrx_word' id='word_1_327' title='bbox 169 1948 283 1965; x_wconf 74' lang='lat' dir='ltr'>uamaec</span> <span class='ocrx_word' id='word_1_328' title='bbox 299 1947 409 1965; x_wconf 60' lang='lat' dir='ltr'>amaram</span> <span class='ocrx_word' id='word_1_329' title='bbox 421 1939 450 1965; x_wconf 89' lang='lat' dir='ltr'><em>F</em></span> <span class='ocrx_word' id='word_1_330' title='bbox 467 1948 580 1965; x_wconf 66' lang='grc' dir='ltr'>ΠΑΙΔΑεο</span> <span class='ocrx_word' id='word_1_331' title='bbox 595 1949 708 1966; x_wconf 61' lang='lat' dir='ltr'>mmmm</span> <span class='ocrx_word' id='word_1_332' title='bbox 721 1940 743 1965; x_wconf 84' lang='lat' dir='ltr'><em>O</em></span> <span class='ocrx_word' id='word_1_333' title='bbox 764 1949 864 1966; x_wconf 56' lang='lat' dir='ltr'>warne</span> <span class='ocrx_word' id='word_1_334' title='bbox 880 1948 960 1966; x_wconf 58' lang='lat' dir='ltr'>affec</span> <span class='ocrx_word' id='word_1_335' title='bbox 971 1940 1003 1965; x_wconf 91' lang='lat' dir='ltr'><em>N</em></span> <span class='ocrx_word' id='word_1_336' title='bbox 1026 1948 1104 1966; x_wconf 79' lang='lat' dir='ltr'>name</span> <span class='ocrx_word' id='word_1_337' title='bbox 1120 1939 1204 1973; x_wconf 60' lang='lat' dir='ltr'>adpa—</span> <span class='ocrx_word' id='word_1_338' title='bbox 1217 1939 1239 1964; x_wconf 92' lang='lat' dir='ltr'><em>L</em></span> <span class='ocrx_word' id='word_1_339' title='bbox 1260 1949 1341 1965; x_wconf 72' lang='lat' dir='ltr'>mmc</span> <span class='ocrx_word' id='word_1_340' title='bbox 1357 1939 1443 1972; x_wconf 78' lang='lat' dir='ltr'>adpec</span> 
     </span>
     <span class='ocr_line' id='line_1_38' title="bbox 171 1973 1442 2009; baseline 0 -9"><span class='ocrx_word' id='word_1_341' title='bbox 171 1975 207 2001; x_wconf 86' lang='lat' dir='ltr'>H.</span> <span class='ocrx_word' id='word_1_342' title='bbox 227 1975 327 2004; x_wconf 74' lang='grc' dir='ltr'><em>παῖδες</em></span> <span class='ocrx_word' id='word_1_343' title='bbox 345 1973 447 2008; x_wconf 68' lang='grc' dir='ltr'><strong><em>ἄνδρες</em></strong></span> <span class='ocrx_word' id='word_1_344' title='bbox 467 1983 515 2001; x_wconf 86' lang='lat' dir='ltr'>om.</span> <span class='ocrx_word' id='word_1_345' title='bbox 534 1976 569 2000; x_wconf 91' lang='lat' dir='ltr'><em>M</em></span> <span class='ocrx_word' id='word_1_346' title='bbox 586 1979 610 2001; x_wconf 79' lang='lat' dir='ltr'>et</span> <span class='ocrx_word' id='word_1_347' title='bbox 626 1976 736 2009; x_wconf 69' lang='lat' dir='ltr'>eoeempl.</span> <span class='ocrx_word' id='word_1_348' title='bbox 752 1977 831 2009; x_wconf 72' lang='lat' dir='ltr'>impr.</span> <span class='ocrx_word' id='word_1_349' title='bbox 850 1977 859 2009; x_wconf 74' lang='lat' dir='ltr'>u</span> <span class='ocrx_word' id='word_1_350' title='bbox 880 1979 911 2001; x_wconf 91' lang='lat'>10</span> <span class='ocrx_word' id='word_1_351' title='bbox 931 1975 1020 2009; x_wconf 88' lang='lat' dir='ltr'>nouli]</span> <span class='ocrx_word' id='word_1_352' title='bbox 1040 1976 1201 2009; x_wconf 81' lang='grc' dir='ltr'><em>συνωνυμιά</em></span> <span class='ocrx_word' id='word_1_353' title='bbox 1222 1975 1254 2000; x_wconf 71' lang='grc' dir='ltr'>Γ,</span> <span class='ocrx_word' id='word_1_354' title='bbox 1272 1974 1421 2000; x_wconf 76' lang='lat' dir='ltr'>Schoelh&#39;us</span> <span class='ocrx_word' id='word_1_355' title='bbox 1436 1975 1442 1994; x_wconf 64' lang='lat' dir='ltr'>l*</span> 
     </span>
     <span class='ocr_line' id='line_1_39' title="bbox 172 2010 1443 2045; baseline 0 -9"><span class='ocrx_word' id='word_1_356' title='bbox 172 2014 200 2036; x_wconf 91' lang='lat'>11</span> <span class='ocrx_word' id='word_1_357' title='bbox 223 2011 364 2036; x_wconf 78' lang='lat' dir='ltr'>aoarmina</span> <span class='ocrx_word' id='word_1_358' title='bbox 379 2010 402 2036; x_wconf 83' lang='lat'><em>0</em></span> <span class='ocrx_word' id='word_1_359' title='bbox 419 2011 447 2043; x_wconf 83' lang='lat' dir='ltr'>(n</span> <span class='ocrx_word' id='word_1_360' title='bbox 462 2011 510 2037; x_wconf 77' lang='lat' dir='ltr'>del.</span> <span class='ocrx_word' id='word_1_361' title='bbox 522 2013 545 2044; x_wconf 87' lang='lat' dir='ltr'>e)</span> <span class='ocrx_word' id='word_1_362' title='bbox 564 2012 677 2037; x_wconf 84' lang='lat' dir='ltr'>aearnia</span> <span class='ocrx_word' id='word_1_363' title='bbox 693 2011 729 2037; x_wconf 86' lang='grc' dir='ltr'><em>Μ</em></span> <span class='ocrx_word' id='word_1_364' title='bbox 734 2012 742 2037; x_wconf 81' lang='lat' dir='ltr'><em>l</em></span> <span class='ocrx_word' id='word_1_365' title='bbox 756 2013 764 2045; x_wconf 73' lang='grc' dir='ltr'>Ι]</span> <span class='ocrx_word' id='word_1_366' title='bbox 780 2015 811 2037; x_wconf 80' lang='lat'>12</span> <span class='ocrx_word' id='word_1_367' title='bbox 830 2021 950 2037; x_wconf 64' lang='lat' dir='ltr'>rucuma</span> <span class='ocrx_word' id='word_1_368' title='bbox 968 2011 1003 2036; x_wconf 86' lang='lat' dir='ltr'><strong><em>M</em></strong></span> <span class='ocrx_word' id='word_1_369' title='bbox 1007 2021 1014 2036; x_wconf 61' lang='grc' dir='ltr'><strong><em>π</em></strong></span> <span class='ocrx_word' id='word_1_370' title='bbox 1035 2020 1137 2036; x_wconf 64' lang='lat' dir='ltr'>Tre-ma</span> <span class='ocrx_word' id='word_1_371' title='bbox 1156 2011 1254 2044; x_wconf 67' lang='lat' dir='ltr'>reliqui</span> <span class='ocrx_word' id='word_1_372' title='bbox 1268 2011 1276 2045; x_wconf 82' lang='grc' dir='ltr'>ΙΙ</span> <span class='ocrx_word' id='word_1_373' title='bbox 1291 2010 1443 2036; x_wconf 85' lang='lat' dir='ltr'>diriuatum</span> 
     </span>
     <span class='ocr_line' id='line_1_40' title="bbox 172 2046 1442 2081; baseline 0 -10"><span class='ocrx_word' id='word_1_374' title='bbox 172 2046 227 2072; x_wconf 80' lang='lat' dir='ltr'>FO</span> <span class='ocrx_word' id='word_1_375' title='bbox 254 2046 446 2072; x_wconf 81' lang='lat' dir='ltr'>deriuaticium</span> <span class='ocrx_word' id='word_1_376' title='bbox 467 2046 498 2071; x_wconf 89' lang='lat' dir='ltr'><em>H</em></span> <span class='ocrx_word' id='word_1_377' title='bbox 510 2047 519 2080; x_wconf 78' lang='grc'>11</span> <span class='ocrx_word' id='word_1_378' title='bbox 533 2046 627 2081; x_wconf 71' lang='lat' dir='ltr'>fuerit]</span> <span class='ocrx_word' id='word_1_379' title='bbox 649 2047 794 2081; x_wconf 82' lang='lat' dir='ltr'>Tegeaeae</span> <span class='ocrx_word' id='word_1_380' title='bbox 815 2048 928 2073; x_wconf 78' lang='lat' dir='ltr'>additur</span> <span class='ocrx_word' id='word_1_381' title='bbox 942 2047 1021 2080; x_wconf 59' lang='lat' dir='ltr'>vulgo</span> <span class='ocrx_word' id='word_1_382' title='bbox 1036 2047 1045 2080; x_wconf 74' lang='lat' dir='ltr'>ss</span> <span class='ocrx_word' id='word_1_383' title='bbox 1061 2050 1091 2072; x_wconf 86' lang='lat'>13</span> <span class='ocrx_word' id='word_1_384' title='bbox 1112 2047 1267 2080; x_wconf 85' lang='lat' dir='ltr'>legeremus</span> <span class='ocrx_word' id='word_1_385' title='bbox 1283 2046 1306 2072; x_wconf 77' lang='lat' dir='ltr'><em>G</em></span> <span class='ocrx_word' id='word_1_386' title='bbox 1318 2047 1327 2080; x_wconf 85' lang='grc' dir='ltr'>ΙΙ</span> <span class='ocrx_word' id='word_1_387' title='bbox 1341 2046 1442 2072; x_wconf 86' lang='lat' dir='ltr'>diriua-</span> 
     </span>
    </p>
   </div>
   <div class='ocr_carea' id='block_1_10' title="bbox 169 2098 1444 2400">
    <p class='ocr_par' dir='ltr' id='par_1_19' title="bbox 782 2098 793 2111">
     <span class='ocr_line' id='line_1_41' title="bbox 782 2098 793 2111; baseline 0 0"><span class='ocrx_word' id='word_1_388' title='bbox 782 2098 793 2111; x_wconf 74' lang='grc' dir='ltr'>Ε</span> 
     </span>
    </p>

    <p class='ocr_par' dir='ltr' id='par_1_20' title="bbox 169 2116 1444 2400">
     <span class='ocr_line' id='line_1_42' title="bbox 170 2116 1444 2152; baseline -0.001 -9"><span class='ocrx_word' id='word_1_389' title='bbox 170 2117 258 2143; x_wconf 82' lang='lat' dir='ltr'>tinam</span> <span class='ocrx_word' id='word_1_390' title='bbox 280 2117 309 2142; x_wconf 88' lang='lat' dir='ltr'><em>F</em></span> <span class='ocrx_word' id='word_1_391' title='bbox 335 2117 514 2143; x_wconf 78' lang='lat' dir='ltr'>diriuatiunm</span> <span class='ocrx_word' id='word_1_392' title='bbox 536 2116 630 2143; x_wconf 82' lang='lat' dir='ltr'>ONH</span> <span class='ocrx_word' id='word_1_393' title='bbox 650 2118 658 2151; x_wconf 82' lang='grc' dir='ltr'>ΙΙ</span> <span class='ocrx_word' id='word_1_394' title='bbox 688 2120 719 2144; x_wconf 88' lang='grc'>15</span> <span class='ocrx_word' id='word_1_395' title='bbox 738 2118 868 2152; x_wconf 87' lang='lat' dir='ltr'>tegaeum</span> <span class='ocrx_word' id='word_1_396' title='bbox 890 2118 912 2143; x_wconf 80' lang='lat' dir='ltr'><em>C</em></span> <span class='ocrx_word' id='word_1_397' title='bbox 938 2119 1066 2151; x_wconf 70' lang='lat' dir='ltr'>tegeeum</span> <span class='ocrx_word' id='word_1_398' title='bbox 1089 2117 1125 2142; x_wconf 87' lang='lat' dir='ltr'><em>M</em></span> <span class='ocrx_word' id='word_1_399' title='bbox 1129 2127 1136 2142; x_wconf 92' lang='lat'><em>:</em></span> <span class='ocrx_word' id='word_1_400' title='bbox 1155 2118 1268 2151; x_wconf 84' lang='lat' dir='ltr'>tegeum</span> <span class='ocrx_word' id='word_1_401' title='bbox 1290 2117 1421 2143; x_wconf 84' lang='lat' dir='ltr'><em>FNLH</em></span> <span class='ocrx_word' id='word_1_402' title='bbox 1435 2117 1444 2150; x_wconf 56' lang='grc' dir='ltr'>Η</span> 
     </span>
     <span class='ocr_line' id='line_1_43' title="bbox 169 2152 1443 2187; baseline -0.001 -9"><span class='ocrx_word' id='word_1_403' title='bbox 169 2154 299 2186; x_wconf 81' lang='lat' dir='ltr'>tegaeum</span> <span class='ocrx_word' id='word_1_404' title='bbox 323 2152 355 2183; x_wconf 80' lang='lat' dir='ltr'>C,</span> <span class='ocrx_word' id='word_1_405' title='bbox 375 2154 469 2178; x_wconf 81' lang='lat' dir='ltr'>autem</span> <span class='ocrx_word' id='word_1_406' title='bbox 488 2153 550 2179; x_wconf 75' lang='lat' dir='ltr'>add.</span> <span class='ocrx_word' id='word_1_407' title='bbox 569 2153 618 2187; x_wconf 73' lang='lat' dir='ltr'>Fu</span> <span class='ocrx_word' id='word_1_408' title='bbox 635 2156 665 2179; x_wconf 82' lang='lat'>16</span> <span class='ocrx_word' id='word_1_409' title='bbox 686 2154 833 2179; x_wconf 84' lang='lat' dir='ltr'>archadiae</span> <span class='ocrx_word' id='word_1_410' title='bbox 853 2153 909 2179; x_wconf 82' lang='lat' dir='ltr'>FO</span> <span class='ocrx_word' id='word_1_411' title='bbox 921 2154 930 2187; x_wconf 86' lang='grc' dir='ltr'>ΙΙ</span> <span class='ocrx_word' id='word_1_412' title='bbox 944 2153 1019 2186; x_wconf 77' lang='lat' dir='ltr'>tegio</span> <span class='ocrx_word' id='word_1_413' title='bbox 1040 2153 1069 2178; x_wconf 79' lang='lat' dir='ltr'><em>F</em></span> <span class='ocrx_word' id='word_1_414' title='bbox 1081 2154 1090 2186; x_wconf 79' lang='grc' dir='ltr'>ΙΙ</span> <span class='ocrx_word' id='word_1_415' title='bbox 1104 2153 1231 2179; x_wconf 86' lang='lat' dir='ltr'>archadis</span> <span class='ocrx_word' id='word_1_416' title='bbox 1253 2152 1282 2178; x_wconf 84' lang='lat' dir='ltr'><em>F</em></span> <span class='ocrx_word' id='word_1_417' title='bbox 1308 2153 1443 2178; x_wconf 84' lang='lat' dir='ltr'>Arcadiae</span> 
     </span>
     <span class='ocr_line' id='line_1_44' title="bbox 170 2188 1444 2222; baseline -0.001 -8"><span class='ocrx_word' id='word_1_418' title='bbox 170 2188 274 2214; x_wconf 72' lang='lat' dir='ltr'>Daniel</span> <span class='ocrx_word' id='word_1_419' title='bbox 292 2190 301 2222; x_wconf 69' lang='grc' dir='ltr'>ΙΙ</span> <span class='ocrx_word' id='word_1_420' title='bbox 324 2192 355 2214; x_wconf 80' lang='grc'>17</span> <span class='ocrx_word' id='word_1_421' title='bbox 376 2189 412 2214; x_wconf 74' lang='grc' dir='ltr'>αᾱ</span> <span class='ocrx_word' id='word_1_422' title='bbox 431 2188 564 2222; x_wconf 83' lang='lat' dir='ltr'>Helymus</span> <span class='ocrx_word' id='word_1_423' title='bbox 584 2197 658 2221; x_wconf 67' lang='lat' dir='ltr'>supr.</span> <span class='ocrx_word' id='word_1_424' title='bbox 678 2197 743 2214; x_wconf 67' lang='lat' dir='ltr'>vers.</span> <span class='ocrx_word' id='word_1_425' title='bbox 764 2197 826 2215; x_wconf 82' lang='lat' dir='ltr'>ecce</span> <span class='ocrx_word' id='word_1_426' title='bbox 846 2189 892 2215; x_wconf 93' lang='lat' dir='ltr'>ubi</span> <span class='ocrx_word' id='word_1_427' title='bbox 913 2188 1054 2222; x_wconf 82' lang='lat' dir='ltr'>suptiliter</span> <span class='ocrx_word' id='word_1_428' title='bbox 1073 2188 1194 2221; x_wconf 86' lang='lat' dir='ltr'>elymum</span> <span class='ocrx_word' id='word_1_429' title='bbox 1214 2197 1276 2214; x_wconf 88' lang='lat' dir='ltr'>cum</span> <span class='ocrx_word' id='word_1_430' title='bbox 1297 2189 1388 2214; x_wconf 78' lang='lat' dir='ltr'>aceste</span> <span class='ocrx_word' id='word_1_431' title='bbox 1408 2188 1444 2213; x_wconf 85' lang='lat' dir='ltr'>ad</span> 
     </span>
     <span class='ocr_line' id='line_1_45' title="bbox 171 2223 1444 2258; baseline -0.001 -9"><span class='ocrx_word' id='word_1_432' title='bbox 171 2224 288 2250; x_wconf 85' lang='lat' dir='ltr'>siciliam</span> <span class='ocrx_word' id='word_1_433' title='bbox 307 2224 375 2251; x_wconf 83' lang='lat' dir='ltr'>dicit</span> <span class='ocrx_word' id='word_1_434' title='bbox 393 2224 501 2249; x_wconf 85' lang='lat' dir='ltr'>uenisse</span> <span class='ocrx_word' id='word_1_435' title='bbox 525 2224 547 2250; x_wconf 88' lang='lat' dir='ltr'><strong><em>T</em></strong></span> <span class='ocrx_word' id='word_1_436' title='bbox 560 2224 569 2257; x_wconf 77' lang='lat' dir='ltr'>ss</span> <span class='ocrx_word' id='word_1_437' title='bbox 584 2224 696 2250; x_wconf 87' lang='lat' dir='ltr'>elimum</span> <span class='ocrx_word' id='word_1_438' title='bbox 718 2224 747 2249; x_wconf 81' lang='lat' dir='ltr'><em>F</em></span> <span class='ocrx_word' id='word_1_439' title='bbox 758 2225 767 2258; x_wconf 72' lang='lat'>{1</span> <span class='ocrx_word' id='word_1_440' title='bbox 784 2227 814 2250; x_wconf 84' lang='grc'>18</span> <span class='ocrx_word' id='word_1_441' title='bbox 835 2224 944 2250; x_wconf 79' lang='lat' dir='ltr'>comitis</span> <span class='ocrx_word' id='word_1_442' title='bbox 964 2225 1085 2250; x_wconf 82' lang='lat' dir='ltr'>seniores</span> <span class='ocrx_word' id='word_1_443' title='bbox 1106 2225 1197 2250; x_wconf 71' lang='lat' dir='ltr'>castae</span> <span class='ocrx_word' id='word_1_444' title='bbox 1218 2223 1267 2257; x_wconf 78' lang='lat' dir='ltr'>Fu</span> <span class='ocrx_word' id='word_1_445' title='bbox 1290 2227 1320 2249; x_wconf 82' lang='lat'>19</span> <span class='ocrx_word' id='word_1_446' title='bbox 1341 2224 1377 2249; x_wconf 82' lang='lat' dir='ltr'>ad</span> <span class='ocrx_word' id='word_1_447' title='bbox 1396 2223 1444 2249; x_wconf 88' lang='lat' dir='ltr'>ad-</span> 
     </span>
     <span class='ocr_line' id='line_1_46' title="bbox 172 2259 1443 2293; baseline -0.001 -8"><span class='ocrx_word' id='word_1_448' title='bbox 172 2259 243 2285; x_wconf 80' lang='lat' dir='ltr'>sueti</span> <span class='ocrx_word' id='word_1_449' title='bbox 263 2259 340 2286; x_wconf 89' lang='lat' dir='ltr'>silvis</span> <span class='ocrx_word' id='word_1_450' title='bbox 359 2268 432 2292; x_wconf 64' lang='lat' dir='ltr'>supr.</span> <span class='ocrx_word' id='word_1_451' title='bbox 449 2268 514 2286; x_wconf 68' lang='lat' dir='ltr'>vers.</span> <span class='ocrx_word' id='word_1_452' title='bbox 535 2259 563 2285; x_wconf 85' lang='lat' dir='ltr'>id</span> <span class='ocrx_word' id='word_1_453' title='bbox 584 2261 626 2285; x_wconf 77' lang='lat' dir='ltr'>est</span> <span class='ocrx_word' id='word_1_454' title='bbox 644 2260 786 2290; x_wconf 77' lang='lat' dir='ltr'>uenationi</span> <span class='ocrx_word' id='word_1_455' title='bbox 805 2268 838 2286; x_wconf 86' lang='lat' dir='ltr'>ac</span> <span class='ocrx_word' id='word_1_456' title='bbox 856 2268 905 2293; x_wconf 76' lang='lat' dir='ltr'>per</span> <span class='ocrx_word' id='word_1_457' title='bbox 924 2260 976 2286; x_wconf 83' lang='lat' dir='ltr'>hoc</span> <span class='ocrx_word' id='word_1_458' title='bbox 997 2259 1087 2285; x_wconf 82' lang='lat' dir='ltr'>durati</span> <span class='ocrx_word' id='word_1_459' title='bbox 1106 2259 1141 2285; x_wconf 84' lang='lat' dir='ltr'>ad</span> <span class='ocrx_word' id='word_1_460' title='bbox 1160 2259 1284 2286; x_wconf 83' lang='lat' dir='ltr'>laborem</span> <span class='ocrx_word' id='word_1_461' title='bbox 1303 2259 1328 2284; x_wconf 83' lang='lat' dir='ltr'><em>T</em></span> <span class='ocrx_word' id='word_1_462' title='bbox 1338 2260 1347 2292; x_wconf 82' lang='grc' dir='ltr'>ΙΙ</span> <span class='ocrx_word' id='word_1_463' title='bbox 1360 2267 1443 2285; x_wconf 86' lang='lat' dir='ltr'>uena-</span> 
     </span>
     <span class='ocr_line' id='line_1_47' title="bbox 171 2294 1443 2329; baseline 0 -9"><span class='ocrx_word' id='word_1_464' title='bbox 171 2295 240 2321; x_wconf 75' lang='lat' dir='ltr'>toris</span> <span class='ocrx_word' id='word_1_465' title='bbox 255 2295 291 2328; x_wconf 84' lang='lat' dir='ltr'>F,</span> <span class='ocrx_word' id='word_1_466' title='bbox 310 2304 377 2321; x_wconf 67' lang='lat' dir='ltr'>corr.</span> <span class='ocrx_word' id='word_1_467' title='bbox 390 2295 492 2321; x_wconf 72' lang='lat' dir='ltr'>Daniel</span> <span class='ocrx_word' id='word_1_468' title='bbox 506 2296 515 2328; x_wconf 82' lang='grc' dir='ltr'>ΙΙ</span> <span class='ocrx_word' id='word_1_469' title='bbox 529 2298 562 2320; x_wconf 73' lang='grc'>22</span> <span class='ocrx_word' id='word_1_470' title='bbox 578 2305 669 2321; x_wconf 64' lang='lat' dir='ltr'>cxosm</span> <span class='ocrx_word' id='word_1_471' title='bbox 686 2295 719 2321; x_wconf 84' lang='lat'>0.-</span> <span class='ocrx_word' id='word_1_472' title='bbox 739 2305 834 2322; x_wconf 65' lang='lat' dir='ltr'>Gxosm</span> <span class='ocrx_word' id='word_1_473' title='bbox 848 2296 948 2328; x_wconf 63' lang='lat' dir='ltr'>reliqui</span> <span class='ocrx_word' id='word_1_474' title='bbox 961 2296 969 2329; x_wconf 76' lang='grc' dir='ltr'>ΙΙ</span> <span class='ocrx_word' id='word_1_475' title='bbox 984 2295 1101 2321; x_wconf 79' lang='lat' dir='ltr'>cretesia</span> <span class='ocrx_word' id='word_1_476' title='bbox 1116 2294 1173 2321; x_wconf 79' lang='lat' dir='ltr'>FO</span> <span class='ocrx_word' id='word_1_477' title='bbox 1195 2294 1312 2321; x_wconf 80' lang='lat' dir='ltr'>cretensi</span> <span class='ocrx_word' id='word_1_478' title='bbox 1327 2294 1424 2320; x_wconf 85' lang='lat' dir='ltr'>NLH</span> <span class='ocrx_word' id='word_1_479' title='bbox 1436 2294 1443 2328; x_wconf 79' lang='grc' dir='ltr'>Η</span> 
     </span>
     <span class='ocr_line' id='line_1_48' title="bbox 172 2330 1444 2364; baseline -0.001 -8"><span class='ocrx_word' id='word_1_480' title='bbox 172 2338 269 2356; x_wconf 82' lang='lat' dir='ltr'>cnosos</span> <span class='ocrx_word' id='word_1_481' title='bbox 289 2330 319 2357; x_wconf 88' lang='lat' dir='ltr'><strong><em>F</em></strong></span> <span class='ocrx_word' id='word_1_482' title='bbox 339 2339 420 2357; x_wconf 85' lang='lat' dir='ltr'>nosos</span> <span class='ocrx_word' id='word_1_483' title='bbox 441 2331 463 2356; x_wconf 78' lang='lat' dir='ltr'><em>C</em></span> <span class='ocrx_word' id='word_1_484' title='bbox 485 2339 584 2364; x_wconf 85' lang='lat' dir='ltr'>gnosos</span> <span class='ocrx_word' id='word_1_485' title='bbox 603 2330 711 2356; x_wconf 84' lang='lat' dir='ltr'>NHM</span> <span class='ocrx_word' id='word_1_486' title='bbox 730 2340 846 2364; x_wconf 82' lang='lat' dir='ltr'>gnossos</span> <span class='ocrx_word' id='word_1_487' title='bbox 865 2331 889 2356; x_wconf 93' lang='lat' dir='ltr'><em>L</em></span> <span class='ocrx_word' id='word_1_488' title='bbox 903 2332 912 2364; x_wconf 79' lang='grc' dir='ltr'>ΙΙ</span> <span class='ocrx_word' id='word_1_489' title='bbox 927 2334 969 2357; x_wconf 76' lang='lat' dir='ltr'>est</span> <span class='ocrx_word' id='word_1_490' title='bbox 987 2339 1036 2357; x_wconf 83' lang='lat' dir='ltr'>om.</span> <span class='ocrx_word' id='word_1_491' title='bbox 1049 2330 1077 2356; x_wconf 82' lang='lat' dir='ltr'><em>F</em></span> <span class='ocrx_word' id='word_1_492' title='bbox 1089 2331 1098 2364; x_wconf 75' lang='grc' dir='ltr'>ΙΙ</span> <span class='ocrx_word' id='word_1_493' title='bbox 1113 2334 1146 2356; x_wconf 75' lang='lat'>‘24</span> <span class='ocrx_word' id='word_1_494' title='bbox 1166 2331 1206 2364; x_wconf 83' lang='lat' dir='ltr'>at]</span> <span class='ocrx_word' id='word_1_495' title='bbox 1228 2330 1263 2356; x_wconf 84' lang='lat' dir='ltr'>ad</span> <span class='ocrx_word' id='word_1_496' title='bbox 1283 2331 1347 2356; x_wconf 66' lang='lat' dir='ltr'>libri</span> <span class='ocrx_word' id='word_1_497' title='bbox 1362 2338 1444 2363; x_wconf 75' lang='lat' dir='ltr'>prae-</span> 
     </span>
     <span class='ocr_line' id='line_1_49' title="bbox 172 2366 1127 2400; baseline 0.001 -9"><span class='ocrx_word' id='word_1_498' title='bbox 172 2368 211 2391; x_wconf 79' lang='lat' dir='ltr'>ter</span> <span class='ocrx_word' id='word_1_499' title='bbox 230 2366 255 2391; x_wconf 90' lang='lat' dir='ltr'><em>L</em></span> <span class='ocrx_word' id='word_1_500' title='bbox 270 2367 279 2400; x_wconf 73' lang='lat' dir='ltr'>H</span> <span class='ocrx_word' id='word_1_501' title='bbox 293 2366 420 2400; x_wconf 86' lang='lat' dir='ltr'>elypeum</span> <span class='ocrx_word' id='word_1_502' title='bbox 442 2366 464 2392; x_wconf 80' lang='lat' dir='ltr'><em>O</em></span> <span class='ocrx_word' id='word_1_503' title='bbox 491 2366 629 2400; x_wconf 84' lang='lat' dir='ltr'>clippeum</span> <span class='ocrx_word' id='word_1_504' title='bbox 650 2367 718 2392; x_wconf 88' lang='lat' dir='ltr'>NH</span> <span class='ocrx_word' id='word_1_505' title='bbox 729 2368 738 2400; x_wconf 80' lang='grc' dir='ltr'>ΙΙ</span> <span class='ocrx_word' id='word_1_506' title='bbox 751 2367 797 2393; x_wconf 90' lang='lat' dir='ltr'>ino</span> <span class='ocrx_word' id='word_1_507' title='bbox 819 2367 868 2400; x_wconf 77' lang='lat' dir='ltr'>Fu</span> <span class='ocrx_word' id='word_1_508' title='bbox 887 2369 919 2392; x_wconf 75' lang='lat'>25</span> <span class='ocrx_word' id='word_1_509' title='bbox 940 2368 982 2393; x_wconf 84' lang='lat' dir='ltr'>est</span> <span class='ocrx_word' id='word_1_510' title='bbox 1001 2375 1049 2393; x_wconf 84' lang='lat' dir='ltr'>om.</span> <span class='ocrx_word' id='word_1_511' title='bbox 1071 2366 1127 2392; x_wconf 83' lang='lat' dir='ltr'>FO</span> 
     </span>
    </p>
   </div>
   <div class='ocr_carea' id='block_1_11' title="bbox 227 2413 1231 2452">
    <p class='ocr_par' dir='ltr' id='par_1_21' title="bbox 227 2413 1231 2452">
     <span class='ocr_line' id='line_1_50' title="bbox 227 2413 1231 2452; baseline 0.001 -18"><span class='ocrx_word' id='word_1_512' title='bbox 227 2415 298 2452; x_wconf 49' lang='lat' dir='ltr'>Servili</span> <span class='ocrx_word' id='word_1_513' title='bbox 313 2422 390 2436; x_wconf 85' lang='lat' dir='ltr'>comm.</span> <span class='ocrx_word' id='word_1_514' title='bbox 407 2416 456 2436; x_wconf 73' lang='lat' dir='ltr'>Vol.</span> <span class='ocrx_word' id='word_1_515' title='bbox 471 2417 488 2434; x_wconf 58' lang='grc' dir='ltr'>Ι4</span> <span class='ocrx_word' id='word_1_516' title='bbox 505 2416 568 2435; x_wconf 78' lang='lat' dir='ltr'>Fasc.</span> <span class='ocrx_word' id='word_1_517' title='bbox 584 2416 614 2434; x_wconf 73' lang='grc' dir='ltr'>ΙΙ,</span> <span class='ocrx_word' id='word_1_518' title='bbox 1198 2413 1231 2435; x_wconf 82' lang='grc'>40</span> 
     </span>
    </p>
   </div>
   <div class='ocr_carea' id='block_1_12' title="bbox 1463 707 1494 730">
    <p class='ocr_par' dir='ltr' id='par_1_22' title="bbox 1463 707 1494 730">
     <span class='ocr_line' id='line_1_51' title="bbox 1463 707 1494 730; baseline 0 0"><span class='ocrx_word' id='word_1_519' title='bbox 1463 707 1494 730; x_wconf 91' lang='grc'>10</span> 
     </span>
    </p>
   </div>
   <div class='ocr_carea' id='block_1_13' title="bbox 1464 974 1494 997">
    <p class='ocr_par' dir='ltr' id='par_1_23' title="bbox 1464 974 1494 997">
     <span class='ocr_line' id='line_1_52' title="bbox 1464 974 1494 997; baseline 0 0"><span class='ocrx_word' id='word_1_520' title='bbox 1464 974 1494 997; x_wconf 82' lang='grc'>15</span> 
     </span>
    </p>
   </div>
   <div class='ocr_carea' id='block_1_14' title="bbox 1462 1243 1495 1266">
    <p class='ocr_par' dir='ltr' id='par_1_24' title="bbox 1462 1243 1495 1266">
     <span class='ocr_line' id='line_1_53' title="bbox 1462 1243 1495 1266; baseline 0.03 -1"><span class='ocrx_word' id='word_1_521' title='bbox 1462 1243 1495 1266; x_wconf 84' lang='lat'>20</span> 
     </span>
    </p>
   </div>
   <div class='ocr_carea' id='block_1_15' title="bbox 1462 1512 1495 1534">
    <p class='ocr_par' dir='ltr' id='par_1_25' title="bbox 1462 1512 1495 1534">
     <span class='ocr_line' id='line_1_54' title="bbox 1462 1512 1495 1534; baseline 0 0"><span class='ocrx_word' id='word_1_522' title='bbox 1462 1512 1495 1534; x_wconf 81' lang='lat'>25</span> 
     </span>
    </p>
   </div>
  </div>
 </body>
</html>
