<?xml version="1.0" encoding="UTF-8"?>
<!DOCTYPE html PUBLIC "-//W3C//DTD XHTML 1.0 Transitional//EN"
    "http://www.w3.org/TR/xhtml1/DTD/xhtml1-transitional.dtd">
<html xmlns="http://www.w3.org/1999/xhtml" xml:lang="en" lang="en">
 <head>
  <title>
</title>
<meta http-equiv="Content-Type" content="text/html;charset=utf-8" />
  <meta name='ocr-system' content='tesseract 3.04.00' />
  <meta name='ocr-capabilities' content='ocr_page ocr_carea ocr_par ocr_line ocrx_word'/>
</head>
<body>
  <div class='ocr_page' id='page_1' title='image "./serviigrammatici01bons_0022.png"; bbox 0 0 1690 2611; ppageno 0'>
   <div class='ocr_carea' id='block_1_1' title="bbox 241 152 989 180">
    <p class='ocr_par' dir='ltr' id='par_1_1' title="bbox 241 152 989 180">
     <span class='ocr_line' id='line_1_1' title="bbox 241 152 989 180; baseline 0.003 -2"><span class='ocrx_word' id='word_1_1' title='bbox 241 152 333 178; x_wconf 82' lang='lat' dir='ltr'>XVIII</span> <span class='ocrx_word' id='word_1_2' title='bbox 775 153 989 180; x_wconf 82' lang='lat' dir='ltr'>PRAEFATIO.</span> 
     </span>
    </p>
   </div>
   <div class='ocr_carea' id='block_1_2' title="bbox 74 234 1520 1780">
    <p class='ocr_par' dir='ltr' id='par_1_2' title="bbox 227 234 1520 1727">
     <span class='ocr_line' id='line_1_2' title="bbox 242 234 1520 276; baseline 0.002 -11"><span class='ocrx_word' id='word_1_3' title='bbox 242 235 374 265; x_wconf 85' lang='lat' dir='ltr'>modum</span> <span class='ocrx_word' id='word_1_4' title='bbox 398 245 462 266; x_wconf 92' lang='lat' dir='ltr'>non</span> <span class='ocrx_word' id='word_1_5' title='bbox 486 235 599 276; x_wconf 87' lang='lat' dir='ltr'>tenuit,</span> <span class='ocrx_word' id='word_1_6' title='bbox 622 235 669 266; x_wconf 85' lang='lat' dir='ltr'>ita</span> <span class='ocrx_word' id='word_1_7' title='bbox 688 234 790 267; x_wconf 82' lang='lat' dir='ltr'>Servii</span> <span class='ocrx_word' id='word_1_8' title='bbox 816 236 1080 267; x_wconf 88' lang='lat' dir='ltr'>consuetudinem</span> <span class='ocrx_word' id='word_1_9' title='bbox 1104 246 1169 267; x_wconf 90' lang='lat' dir='ltr'>non</span> <span class='ocrx_word' id='word_1_10' title='bbox 1193 236 1273 267; x_wconf 85' lang='lat' dir='ltr'>satis</span> <span class='ocrx_word' id='word_1_11' title='bbox 1298 238 1447 268; x_wconf 85' lang='lat' dir='ltr'>accurate</span> <span class='ocrx_word' id='word_1_12' title='bbox 1466 237 1520 268; x_wconf 91' lang='lat' dir='ltr'>ob-</span> 
     </span>
     <span class='ocr_line' id='line_1_3' title="bbox 242 288 1520 330; baseline 0.003 -12"><span class='ocrx_word' id='word_1_13' title='bbox 242 288 392 319; x_wconf 73' lang='lat' dir='ltr'>servavit.</span> <span class='ocrx_word' id='word_1_14' title='bbox 444 288 529 330; x_wconf 85' lang='lat' dir='ltr'>quod</span> <span class='ocrx_word' id='word_1_15' title='bbox 558 290 594 320; x_wconf 84' lang='lat' dir='ltr'>ut</span> <span class='ocrx_word' id='word_1_16' title='bbox 624 289 780 330; x_wconf 82' lang='lat' dir='ltr'>exemplis</span> <span class='ocrx_word' id='word_1_17' title='bbox 805 289 1008 330; x_wconf 87' lang='lat' dir='ltr'>confirmem,</span> <span class='ocrx_word' id='word_1_18' title='bbox 1042 288 1172 321; x_wconf 82' lang='lat' dir='ltr'>Servius</span> <span class='ocrx_word' id='word_1_19' title='bbox 1197 299 1271 321; x_wconf 74' lang='lat' dir='ltr'>sane</span> <span class='ocrx_word' id='word_1_20' title='bbox 1295 291 1520 322; x_wconf 88' lang='lat' dir='ltr'>coniunctione</span> 
     </span>
     <span class='ocr_line' id='line_1_4' title="bbox 240 341 1520 386; baseline 0.003 -14"><span class='ocrx_word' id='word_1_21' title='bbox 240 341 402 373; x_wconf 86' lang='lat' dir='ltr'>interdum</span> <span class='ocrx_word' id='word_1_22' title='bbox 426 354 502 373; x_wconf 91' lang='lat' dir='ltr'>usus</span> <span class='ocrx_word' id='word_1_23' title='bbox 528 344 585 383; x_wconf 91' lang='lat' dir='ltr'>est,</span> <span class='ocrx_word' id='word_1_24' title='bbox 610 344 706 384; x_wconf 85' lang='lat' dir='ltr'>atque</span> <span class='ocrx_word' id='word_1_25' title='bbox 735 343 782 374; x_wconf 83' lang='lat' dir='ltr'>ita</span> <span class='ocrx_word' id='word_1_26' title='bbox 807 345 843 374; x_wconf 90' lang='lat' dir='ltr'>ut</span> <span class='ocrx_word' id='word_1_27' title='bbox 866 354 917 374; x_wconf 90' lang='lat' dir='ltr'>res</span> <span class='ocrx_word' id='word_1_28' title='bbox 943 343 1195 384; x_wconf 80' lang='lat' dir='ltr'>adiungerentur</span> <span class='ocrx_word' id='word_1_29' title='bbox 1220 354 1300 384; x_wconf 86' lang='lat' dir='ltr'>quae</span> <span class='ocrx_word' id='word_1_30' title='bbox 1323 355 1388 375; x_wconf 90' lang='lat' dir='ltr'>non</span> <span class='ocrx_word' id='word_1_31' title='bbox 1410 345 1520 386; x_wconf 87' lang='lat' dir='ltr'>negle-</span> 
     </span>
     <span class='ocr_line' id='line_1_5' title="bbox 240 395 1520 439; baseline 0.002 -13"><span class='ocrx_word' id='word_1_32' title='bbox 240 395 364 436; x_wconf 82' lang='lat' dir='ltr'>gendae</span> <span class='ocrx_word' id='word_1_33' title='bbox 389 396 594 437; x_wconf 86' lang='lat' dir='ltr'>videbantur,</span> <span class='ocrx_word' id='word_1_34' title='bbox 626 396 727 428; x_wconf 86' lang='lat' dir='ltr'>veluti</span> <span class='ocrx_word' id='word_1_35' title='bbox 751 409 782 438; x_wconf 87' lang='lat' dir='ltr'>p.</span> <span class='ocrx_word' id='word_1_36' title='bbox 808 398 835 437; x_wconf 85' lang='lat'>7,</span> <span class='ocrx_word' id='word_1_37' title='bbox 860 397 916 437; x_wconf 82' lang='lat'>233</span> <span class='ocrx_word' id='word_1_38' title='bbox 955 397 1005 437; x_wconf 85' lang='lat'>14,</span> <span class='ocrx_word' id='word_1_39' title='bbox 1030 397 1064 437; x_wconf 74' lang='lat'>83</span> <span class='ocrx_word' id='word_1_40' title='bbox 1095 397 1152 437; x_wconf 83' lang='lat'>40,</span> <span class='ocrx_word' id='word_1_41' title='bbox 1179 396 1218 427; x_wconf 87' lang='lat'>10</span> <span class='ocrx_word' id='word_1_42' title='bbox 1243 399 1276 427; x_wconf 90' lang='lat' dir='ltr'>et</span> <span class='ocrx_word' id='word_1_43' title='bbox 1302 397 1355 439; x_wconf 83' lang='lat'>193</span> <span class='ocrx_word' id='word_1_44' title='bbox 1387 398 1444 439; x_wconf 85' lang='lat'>48,</span> <span class='ocrx_word' id='word_1_45' title='bbox 1470 398 1520 429; x_wconf 89' lang='lat'>19.</span> 
     </span>
     <span class='ocr_line' id='line_1_6' title="bbox 239 449 1519 492; baseline 0.002 -13"><span class='ocrx_word' id='word_1_46' title='bbox 239 449 392 480; x_wconf 88' lang='lat' dir='ltr'>nimirum</span> <span class='ocrx_word' id='word_1_47' title='bbox 416 449 573 491; x_wconf 77' lang='lat' dir='ltr'>distingui</span> <span class='ocrx_word' id='word_1_48' title='bbox 598 450 701 482; x_wconf 87' lang='lat' dir='ltr'>voluit</span> <span class='ocrx_word' id='word_1_49' title='bbox 721 451 901 482; x_wconf 88' lang='lat' dir='ltr'>orationem</span> <span class='ocrx_word' id='word_1_50' title='bbox 925 461 1027 492; x_wconf 88' lang='lat' dir='ltr'>neque</span> <span class='ocrx_word' id='word_1_51' title='bbox 1053 449 1118 481; x_wconf 84' lang='lat' dir='ltr'>‘et’</span> <span class='ocrx_word' id='word_1_52' title='bbox 1144 450 1284 481; x_wconf 71' lang='lat' dir='ltr'>‘autem’</span> <span class='ocrx_word' id='word_1_53' title='bbox 1309 450 1448 482; x_wconf 56' lang='lat' dir='ltr'>‘tamen’</span> <span class='ocrx_word' id='word_1_54' title='bbox 1472 452 1519 483; x_wconf 91' lang='lat' dir='ltr'>ni-</span> 
     </span>
     <span class='ocr_line' id='line_1_7' title="bbox 240 491 1518 546; baseline 0.001 -12"><span class='ocrx_word' id='word_1_55' title='bbox 240 503 340 534; x_wconf 89' lang='lat' dir='ltr'>mium</span> <span class='ocrx_word' id='word_1_56' title='bbox 364 504 485 535; x_wconf 84' lang='lat' dir='ltr'>iterari.</span> <span class='ocrx_word' id='word_1_57' title='bbox 522 515 598 535; x_wconf 90' lang='lat' dir='ltr'>nam</span> <span class='ocrx_word' id='word_1_58' title='bbox 618 505 709 536; x_wconf 90' lang='lat' dir='ltr'>verbi</span> <span class='ocrx_word' id='word_1_59' title='bbox 730 505 837 546; x_wconf 84' lang='lat' dir='ltr'>gratia</span> <span class='ocrx_word' id='word_1_60' title='bbox 859 505 945 536; x_wconf 88' lang='lat' dir='ltr'>inter</span> <span class='ocrx_word' id='word_1_61' title='bbox 969 504 1152 536; x_wconf 70' lang='lat' dir='ltr'>‘sciendum</span> <span class='ocrx_word' id='word_1_62' title='bbox 1177 491 1269 535; x_wconf 70' lang='lat' dir='ltr'>sane&#39;</span> <span class='ocrx_word' id='word_1_63' title='bbox 1295 506 1327 535; x_wconf 88' lang='lat' dir='ltr'>et</span> <span class='ocrx_word' id='word_1_64' title='bbox 1350 503 1399 535; x_wconf 69' lang='lat' dir='ltr'>‘et</span> <span class='ocrx_word' id='word_1_65' title='bbox 1418 505 1518 536; x_wconf 87' lang='lat' dir='ltr'>scieu-</span> 
     </span>
     <span class='ocr_line' id='line_1_8' title="bbox 238 557 1517 599; baseline 0.002 -11"><span class='ocrx_word' id='word_1_66' title='bbox 238 557 330 588; x_wconf 76' lang='lat' dir='ltr'>(lum&#39;</span> <span class='ocrx_word' id='word_1_67' title='bbox 359 558 410 588; x_wconf 84' lang='lat' dir='ltr'>vel</span> <span class='ocrx_word' id='word_1_68' title='bbox 440 557 623 589; x_wconf 75' lang='lat' dir='ltr'>‘sciendum</span> <span class='ocrx_word' id='word_1_69' title='bbox 648 558 774 589; x_wconf 82' lang='lat' dir='ltr'>autem&#39;</span> <span class='ocrx_word' id='word_1_70' title='bbox 805 559 855 589; x_wconf 91' lang='lat' dir='ltr'>vel</span> <span class='ocrx_word' id='word_1_71' title='bbox 885 558 1068 590; x_wconf 69' lang='lat' dir='ltr'>‘sciendum</span> <span class='ocrx_word' id='word_1_72' title='bbox 1099 557 1225 589; x_wconf 71' lang='lat' dir='ltr'>‘namen&#39;</span> <span class='ocrx_word' id='word_1_73' title='bbox 1254 557 1330 599; x_wconf 89' lang='lat' dir='ltr'>quid</span> <span class='ocrx_word' id='word_1_74' title='bbox 1360 558 1517 590; x_wconf 77' lang='lat' dir='ltr'>interest?</span> 
     </span>
     <span class='ocr_line' id='line_1_9' title="bbox 238 611 1518 653; baseline 0.001 -12"><span class='ocrx_word' id='word_1_75' title='bbox 238 613 351 643; x_wconf 86' lang='lat' dir='ltr'>contra</span> <span class='ocrx_word' id='word_1_76' title='bbox 375 611 529 652; x_wconf 80' lang='lat' dir='ltr'>plenioris</span> <span class='ocrx_word' id='word_1_77' title='bbox 555 612 778 643; x_wconf 83' lang='lat' dir='ltr'>commentarii</span> <span class='ocrx_word' id='word_1_78' title='bbox 805 614 915 643; x_wconf 86' lang='lat' dir='ltr'>auctor</span> <span class='ocrx_word' id='word_1_79' title='bbox 940 612 1003 643; x_wconf 86' lang='lat' dir='ltr'>dici</span> <span class='ocrx_word' id='word_1_80' title='bbox 1027 611 1081 642; x_wconf 82' lang='lat' dir='ltr'>vix</span> <span class='ocrx_word' id='word_1_81' title='bbox 1100 613 1211 652; x_wconf 88' lang='lat' dir='ltr'>potest</span> <span class='ocrx_word' id='word_1_82' title='bbox 1231 613 1387 652; x_wconf 87' lang='lat' dir='ltr'>quantum</span> <span class='ocrx_word' id='word_1_83' title='bbox 1408 623 1518 653; x_wconf 85' lang='lat' dir='ltr'>quam-</span> 
     </span>
     <span class='ocr_line' id='line_1_10' title="bbox 238 664 1518 707; baseline 0 -11"><span class='ocrx_word' id='word_1_84' title='bbox 238 676 299 705; x_wconf 85' lang='lat' dir='ltr'>que</span> <span class='ocrx_word' id='word_1_85' title='bbox 329 665 464 696; x_wconf 88' lang='lat' dir='ltr'>moleste</span> <span class='ocrx_word' id='word_1_86' title='bbox 493 676 567 696; x_wconf 76' lang='lat' dir='ltr'>sane</span> <span class='ocrx_word' id='word_1_87' title='bbox 596 665 676 696; x_wconf 89' lang='lat' dir='ltr'>illud</span> <span class='ocrx_word' id='word_1_88' title='bbox 706 665 746 696; x_wconf 87' lang='lat' dir='ltr'>ad</span> <span class='ocrx_word' id='word_1_89' title='bbox 777 677 877 697; x_wconf 85' lang='lat' dir='ltr'>novas</span> <span class='ocrx_word' id='word_1_90' title='bbox 907 666 1193 707; x_wconf 73' lang='lat' dir='ltr'>interpretationes</span> <span class='ocrx_word' id='word_1_91' title='bbox 1219 664 1380 696; x_wconf 82' lang='lat' dir='ltr'>Servianis</span> <span class='ocrx_word' id='word_1_92' title='bbox 1410 666 1518 697; x_wconf 86' lang='lat' dir='ltr'>adiun-</span> 
     </span>
     <span class='ocr_line' id='line_1_11' title="bbox 237 718 1518 760; baseline 0 -10"><span class='ocrx_word' id='word_1_93' title='bbox 237 719 359 759; x_wconf 81' lang='lat' dir='ltr'>gendas</span> <span class='ocrx_word' id='word_1_94' title='bbox 383 718 652 760; x_wconf 77' lang='lat' dir='ltr'>frequentaverit:</span> <span class='ocrx_word' id='word_1_95' title='bbox 678 730 759 760; x_wconf 86' lang='lat' dir='ltr'>quae</span> <span class='ocrx_word' id='word_1_96' title='bbox 783 719 980 760; x_wconf 86' lang='lat' dir='ltr'>vituperatio</span> <span class='ocrx_word' id='word_1_97' title='bbox 1002 730 1114 750; x_wconf 88' lang='lat' dir='ltr'>vereor</span> <span class='ocrx_word' id='word_1_98' title='bbox 1139 721 1175 750; x_wconf 89' lang='lat' dir='ltr'>ut</span> <span class='ocrx_word' id='word_1_99' title='bbox 1195 719 1333 750; x_wconf 87' lang='lat' dir='ltr'>multum</span> <span class='ocrx_word' id='word_1_100' title='bbox 1352 719 1518 750; x_wconf 87' lang='lat' dir='ltr'>minuatur</span> 
     </span>
     <span class='ocr_line' id='line_1_12' title="bbox 237 772 1516 815; baseline 0.001 -12"><span class='ocrx_word' id='word_1_101' title='bbox 237 773 264 803; x_wconf 86' lang='lat' dir='ltr'>si</span> <span class='ocrx_word' id='word_1_102' title='bbox 290 773 360 813; x_wconf 88' lang='lat' dir='ltr'>quis</span> <span class='ocrx_word' id='word_1_103' title='bbox 386 773 512 814; x_wconf 84' lang='lat' dir='ltr'>aliquot</span> <span class='ocrx_word' id='word_1_104' title='bbox 536 773 615 804; x_wconf 89' lang='lat' dir='ltr'>locis</span> <span class='ocrx_word' id='word_1_105' title='bbox 641 773 900 804; x_wconf 85' lang='lat' dir='ltr'>coniunctionem</span> <span class='ocrx_word' id='word_1_106' title='bbox 925 773 1014 803; x_wconf 87' lang='lat' dir='ltr'>illam</span> <span class='ocrx_word' id='word_1_107' title='bbox 1039 773 1079 803; x_wconf 92' lang='lat' dir='ltr'>ad</span> <span class='ocrx_word' id='word_1_108' title='bbox 1099 772 1237 814; x_wconf 83' lang='lat' dir='ltr'>Vergilii</span> <span class='ocrx_word' id='word_1_109' title='bbox 1261 773 1360 804; x_wconf 87' lang='lat' dir='ltr'>verba</span> <span class='ocrx_word' id='word_1_110' title='bbox 1383 773 1421 804; x_wconf 89' lang='lat' dir='ltr'>de</span> <span class='ocrx_word' id='word_1_111' title='bbox 1447 773 1516 815; x_wconf 90' lang='lat' dir='ltr'>qui-</span> 
     </span>
     <span class='ocr_line' id='line_1_13' title="bbox 236 826 1515 868; baseline 0 -11"><span class='ocrx_word' id='word_1_112' title='bbox 236 827 295 857; x_wconf 87' lang='lat' dir='ltr'>bus</span> <span class='ocrx_word' id='word_1_113' title='bbox 321 826 520 867; x_wconf 79' lang='lat' dir='ltr'>explicandis</span> <span class='ocrx_word' id='word_1_114' title='bbox 542 827 650 868; x_wconf 80' lang='lat' dir='ltr'>agitur</span> <span class='ocrx_word' id='word_1_115' title='bbox 671 826 871 857; x_wconf 81' lang='lat' dir='ltr'>referendam</span> <span class='ocrx_word' id='word_1_116' title='bbox 892 837 961 857; x_wconf 91' lang='lat' dir='ltr'>esse</span> <span class='ocrx_word' id='word_1_117' title='bbox 983 826 1110 866; x_wconf 85' lang='lat' dir='ltr'>dixerit,</span> <span class='ocrx_word' id='word_1_118' title='bbox 1134 828 1170 856; x_wconf 87' lang='lat' dir='ltr'>ut</span> <span class='ocrx_word' id='word_1_119' title='bbox 1190 837 1281 857; x_wconf 88' lang='lat' dir='ltr'>suam</span> <span class='ocrx_word' id='word_1_120' title='bbox 1300 827 1365 857; x_wconf 91' lang='lat' dir='ltr'>vim</span> <span class='ocrx_word' id='word_1_121' title='bbox 1385 827 1515 868; x_wconf 86' lang='lat' dir='ltr'>habeat,</span> 
     </span>
     <span class='ocr_line' id='line_1_14' title="bbox 236 879 1514 921; baseline 0.001 -10"><span class='ocrx_word' id='word_1_122' title='bbox 236 880 267 911; x_wconf 91' lang='lat' dir='ltr'>id</span> <span class='ocrx_word' id='word_1_123' title='bbox 293 883 342 911; x_wconf 85' lang='lat' dir='ltr'>est</span> <span class='ocrx_word' id='word_1_124' title='bbox 366 883 401 911; x_wconf 89' lang='lat' dir='ltr'>ut</span> <span class='ocrx_word' id='word_1_125' title='bbox 425 881 506 911; x_wconf 83' lang='lat' dir='ltr'>bene</span> <span class='ocrx_word' id='word_1_126' title='bbox 532 891 565 911; x_wconf 87' lang='lat' dir='ltr'>se</span> <span class='ocrx_word' id='word_1_127' title='bbox 586 880 704 911; x_wconf 87' lang='lat' dir='ltr'>habere</span> <span class='ocrx_word' id='word_1_128' title='bbox 726 891 807 921; x_wconf 85' lang='lat' dir='ltr'>quae</span> <span class='ocrx_word' id='word_1_129' title='bbox 827 882 923 921; x_wconf 85' lang='lat' dir='ltr'>poeta</span> <span class='ocrx_word' id='word_1_130' title='bbox 943 879 1109 920; x_wconf 76' lang='lat' dir='ltr'>scripserit</span> <span class='ocrx_word' id='word_1_131' title='bbox 1129 879 1342 912; x_wconf 88' lang='lat' dir='ltr'>confirmetur.</span> <span class='ocrx_word' id='word_1_132' title='bbox 1372 882 1514 912; x_wconf 83' lang='lat' dir='ltr'>ceterum</span> 
     </span>
     <span class='ocr_line' id='line_1_15' title="bbox 235 932 1513 975; baseline -0.001 -10"><span class='ocrx_word' id='word_1_133' title='bbox 235 935 344 975; x_wconf 81' lang='lat' dir='ltr'>paucis</span> <span class='ocrx_word' id='word_1_134' title='bbox 380 935 458 965; x_wconf 87' lang='lat' dir='ltr'>locis</span> <span class='ocrx_word' id='word_1_135' title='bbox 492 944 566 965; x_wconf 73' lang='lat' dir='ltr'>seme</span> <span class='ocrx_word' id='word_1_136' title='bbox 595 933 714 974; x_wconf 83' lang='lat' dir='ltr'>delevi,</span> <span class='ocrx_word' id='word_1_137' title='bbox 743 933 844 964; x_wconf 89' lang='lat' dir='ltr'>veluti</span> <span class='ocrx_word' id='word_1_138' title='bbox 868 933 947 964; x_wconf 87' lang='lat' dir='ltr'>Aen.</span> <span class='ocrx_word' id='word_1_139' title='bbox 972 932 1002 964; x_wconf 85' lang='lat' dir='ltr'>V</span> <span class='ocrx_word' id='word_1_140' title='bbox 1030 933 1105 973; x_wconf 81' lang='lat'>144,</span> <span class='ocrx_word' id='word_1_141' title='bbox 1137 932 1192 963; x_wconf 88' lang='lat' dir='ltr'>ubi</span> <span class='ocrx_word' id='word_1_142' title='bbox 1216 932 1295 964; x_wconf 89' lang='lat' dir='ltr'>haec</span> <span class='ocrx_word' id='word_1_143' title='bbox 1319 934 1369 964; x_wconf 90' lang='lat' dir='ltr'>est</span> <span class='ocrx_word' id='word_1_144' title='bbox 1393 932 1513 964; x_wconf 89' lang='lat' dir='ltr'>Floria-</span> 
     </span>
     <span class='ocr_line' id='line_1_16' title="bbox 235 985 1513 1027; baseline -0.002 -8"><span class='ocrx_word' id='word_1_145' title='bbox 235 988 338 1019; x_wconf 85' lang='lat' dir='ltr'>censis</span> <span class='ocrx_word' id='word_1_146' title='bbox 363 988 520 1019; x_wconf 86' lang='lat' dir='ltr'>memoria</span> <span class='ocrx_word' id='word_1_147' title='bbox 545 999 661 1019; x_wconf 75' lang='lat' dir='ltr'>Blll‘Gr)</span> <span class='ocrx_word' id='word_1_148' title='bbox 682 997 739 1027; x_wconf 71' lang='lat' dir='ltr'>pro</span> <span class='ocrx_word' id='word_1_149' title='bbox 765 985 945 1027; x_wconf 56' lang='lat' dir='ltr'>‘hillarum&#39;</span> <span class='ocrx_word' id='word_1_150' title='bbox 965 997 1038 1018; x_wconf 77' lang='lat' dir='ltr'>nove</span> <span class='ocrx_word' id='word_1_151' title='bbox 1061 987 1151 1017; x_wconf 69' lang='lat' dir='ltr'>dixit.</span> <span class='ocrx_word' id='word_1_152' title='bbox 1189 996 1263 1017; x_wconf 77' lang='lat' dir='ltr'>sane</span> <span class='ocrx_word' id='word_1_153' title='bbox 1286 989 1315 1017; x_wconf 77' lang='lat' dir='ltr'>et</span> <span class='ocrx_word' id='word_1_154' title='bbox 1336 986 1390 1018; x_wconf 78' lang='lat' dir='ltr'>hoc</span> <span class='ocrx_word' id='word_1_155' title='bbox 1413 987 1513 1018; x_wconf 79' lang='lat' dir='ltr'>eeleri-</span> 
     </span>
     <span class='ocr_line' id='line_1_17' title="bbox 234 1040 1506 1082; baseline -0.002 -9"><span class='ocrx_word' id='word_1_156' title='bbox 234 1043 307 1073; x_wconf 64' lang='lat' dir='ltr'>tacis</span> <span class='ocrx_word' id='word_1_157' title='bbox 331 1045 389 1073; x_wconf 67' lang='lat' dir='ltr'>est:</span> <span class='ocrx_word' id='word_1_158' title='bbox 415 1042 520 1082; x_wconf 72' lang='lat' dir='ltr'>plures</span> <span class='ocrx_word' id='word_1_159' title='bbox 544 1043 626 1073; x_wconf 75' lang='lat' dir='ltr'>enim</span> <span class='ocrx_word' id='word_1_160' title='bbox 649 1053 679 1073; x_wconf 79' lang='lat' dir='ltr'>se</span> <span class='ocrx_word' id='word_1_161' title='bbox 702 1042 886 1082; x_wconf 67' lang='lat' dir='ltr'>impediunt,</span> <span class='ocrx_word' id='word_1_162' title='bbox 912 1052 928 1072; x_wconf 90' lang='lat' dir='ltr'>e</span> <span class='ocrx_word' id='word_1_163' title='bbox 953 1041 1069 1082; x_wconf 86' lang='lat' dir='ltr'>quibus</span> <span class='ocrx_word' id='word_1_164' title='bbox 1095 1040 1174 1071; x_wconf 87' lang='lat' dir='ltr'>haec</span> <span class='ocrx_word' id='word_1_165' title='bbox 1193 1042 1321 1071; x_wconf 85' lang='lat' dir='ltr'>tantum</span> <span class='ocrx_word' id='word_1_166' title='bbox 1345 1042 1373 1071; x_wconf 75' lang='lat' dir='ltr'>et</span> <span class='ocrx_word' id='word_1_167' title='bbox 1394 1040 1462 1072; x_wconf 82' lang='lat' dir='ltr'>hoc.</span> <span class='ocrx_word' id='word_1_168' title='bbox 1478 1066 1506 1071; x_wconf 95' lang='lat'>..</span> 
     </span>
     <span class='ocr_line' id='line_1_18' title="bbox 234 1093 1511 1137; baseline -0.002 -10"><span class='ocrx_word' id='word_1_169' title='bbox 234 1096 404 1136; x_wconf 63' lang='lat' dir='ltr'>impediunt</span> <span class='ocrx_word' id='word_1_170' title='bbox 427 1096 554 1137; x_wconf 79' lang='lat' dir='ltr'>vulgati</span> <span class='ocrx_word' id='word_1_171' title='bbox 578 1096 655 1127; x_wconf 88' lang='lat' dir='ltr'>libri</span> <span class='ocrx_word' id='word_1_172' title='bbox 680 1096 810 1127; x_wconf 84' lang='lat' dir='ltr'>habent.</span> <span class='ocrx_word' id='word_1_173' title='bbox 848 1106 924 1126; x_wconf 83' lang='lat' dir='ltr'>nam</span> <span class='ocrx_word' id='word_1_174' title='bbox 949 1094 987 1126; x_wconf 91' lang='lat' dir='ltr'>de</span> <span class='ocrx_word' id='word_1_175' title='bbox 1011 1093 1240 1135; x_wconf 84' lang='lat' dir='ltr'>intellegendis</span> <span class='ocrx_word' id='word_1_176' title='bbox 1265 1095 1379 1135; x_wconf 88' lang='lat' dir='ltr'>poetae</span> <span class='ocrx_word' id='word_1_177' title='bbox 1404 1094 1511 1125; x_wconf 87' lang='lat' dir='ltr'>verbis</span> 
     </span>
     <span class='ocr_line' id='line_1_19' title="bbox 233 1147 1512 1191; baseline -0.001 -10"><span class='ocrx_word' id='word_1_178' title='bbox 233 1149 313 1181; x_wconf 85' lang='lat' dir='ltr'>adeo</span> <span class='ocrx_word' id='word_1_179' title='bbox 338 1161 402 1181; x_wconf 90' lang='lat' dir='ltr'>non</span> <span class='ocrx_word' id='word_1_180' title='bbox 427 1150 634 1181; x_wconf 86' lang='lat' dir='ltr'>consentiunt</span> <span class='ocrx_word' id='word_1_181' title='bbox 657 1150 719 1181; x_wconf 90' lang='lat' dir='ltr'>duo</span> <span class='ocrx_word' id='word_1_182' title='bbox 744 1149 794 1180; x_wconf 90' lang='lat' dir='ltr'>illi</span> <span class='ocrx_word' id='word_1_183' title='bbox 819 1148 1024 1191; x_wconf 84' lang='lat' dir='ltr'>grammatici</span> <span class='ocrx_word' id='word_1_184' title='bbox 1050 1158 1186 1189; x_wconf 85' lang='lat' dir='ltr'>quorum</span> <span class='ocrx_word' id='word_1_185' title='bbox 1211 1147 1335 1179; x_wconf 86' lang='lat' dir='ltr'>scholia</span> <span class='ocrx_word' id='word_1_186' title='bbox 1355 1148 1512 1189; x_wconf 83' lang='lat' dir='ltr'>congluti-</span> 
     </span>
     <span class='ocr_line' id='line_1_20' title="bbox 232 1201 1511 1244; baseline -0.001 -10"><span class='ocrx_word' id='word_1_187' title='bbox 232 1206 310 1234; x_wconf 83' lang='lat' dir='ltr'>nata</span> <span class='ocrx_word' id='word_1_188' title='bbox 335 1205 423 1244; x_wconf 84' lang='lat' dir='ltr'>sunt,</span> <span class='ocrx_word' id='word_1_189' title='bbox 452 1206 488 1234; x_wconf 86' lang='lat' dir='ltr'>ut</span> <span class='ocrx_word' id='word_1_190' title='bbox 511 1214 584 1235; x_wconf 73' lang='lat' dir='ltr'>sane</span> <span class='ocrx_word' id='word_1_191' title='bbox 608 1203 688 1234; x_wconf 90' lang='lat' dir='ltr'>illud</span> <span class='ocrx_word' id='word_1_192' title='bbox 713 1214 844 1244; x_wconf 87' lang='lat' dir='ltr'>prorsus</span> <span class='ocrx_word' id='word_1_193' title='bbox 869 1203 1015 1244; x_wconf 88' lang='lat' dir='ltr'>ineptum</span> <span class='ocrx_word' id='word_1_194' title='bbox 1041 1202 1096 1232; x_wconf 88' lang='lat' dir='ltr'>sit:</span> <span class='ocrx_word' id='word_1_195' title='bbox 1131 1201 1215 1232; x_wconf 86' lang='lat' dir='ltr'>alter</span> <span class='ocrx_word' id='word_1_196' title='bbox 1239 1201 1325 1232; x_wconf 87' lang='lat' dir='ltr'>enim</span> <span class='ocrx_word' id='word_1_197' title='bbox 1351 1201 1511 1244; x_wconf 72' lang='lat' dir='ltr'>‘biiugum</span> 
     </span>
     <span class='ocr_line' id='line_1_21' title="bbox 232 1254 1512 1298; baseline -0.002 -9"><span class='ocrx_word' id='word_1_198' title='bbox 232 1257 410 1289; x_wconf 78' lang='lat' dir='ltr'>certamen&#39;</span> <span class='ocrx_word' id='word_1_199' title='bbox 436 1260 522 1289; x_wconf 85' lang='lat' dir='ltr'>reete</span> <span class='ocrx_word' id='word_1_200' title='bbox 548 1258 640 1289; x_wconf 86' lang='lat' dir='ltr'>docet</span> <span class='ocrx_word' id='word_1_201' title='bbox 670 1269 739 1288; x_wconf 88' lang='lat' dir='ltr'>esse</span> <span class='ocrx_word' id='word_1_202' title='bbox 764 1257 928 1298; x_wconf 67' lang='lat' dir='ltr'>‘bigarum</span> <span class='ocrx_word' id='word_1_203' title='bbox 954 1254 1142 1296; x_wconf 89' lang='lat' dir='ltr'>certamen&#39;,</span> <span class='ocrx_word' id='word_1_204' title='bbox 1176 1254 1259 1286; x_wconf 89' lang='lat' dir='ltr'>alter</span> <span class='ocrx_word' id='word_1_205' title='bbox 1284 1255 1422 1287; x_wconf 83' lang='lat' dir='ltr'>absurde</span> <span class='ocrx_word' id='word_1_206' title='bbox 1447 1255 1512 1287; x_wconf 74' lang='lat' dir='ltr'>‘bi-</span> 
     </span>
     <span class='ocr_line' id='line_1_22' title="bbox 230 1308 1510 1352; baseline -0.002 -10"><span class='ocrx_word' id='word_1_207' title='bbox 230 1322 347 1342; x_wconf 87' lang='lat' dir='ltr'>norum</span> <span class='ocrx_word' id='word_1_208' title='bbox 367 1322 518 1342; x_wconf 88' lang='lat' dir='ltr'>curruum</span> <span class='ocrx_word' id='word_1_209' title='bbox 538 1310 726 1342; x_wconf 86' lang='lat' dir='ltr'>certamen&#39;.</span> <span class='ocrx_word' id='word_1_210' title='bbox 763 1312 932 1352; x_wconf 82' lang='lat' dir='ltr'>praeterea</span> <span class='ocrx_word' id='word_1_211' title='bbox 951 1308 1144 1341; x_wconf 87' lang='lat' dir='ltr'>monendum</span> <span class='ocrx_word' id='word_1_212' title='bbox 1164 1319 1233 1339; x_wconf 86' lang='lat' dir='ltr'>esse</span> <span class='ocrx_word' id='word_1_213' title='bbox 1254 1308 1346 1340; x_wconf 89' lang='lat' dir='ltr'>video</span> <span class='ocrx_word' id='word_1_214' title='bbox 1363 1308 1510 1341; x_wconf 83' lang='lat' dir='ltr'>Servium</span> 
     </span>
     <span class='ocr_line' id='line_1_23' title="bbox 230 1361 1510 1405; baseline -0.002 -9"><span class='ocrx_word' id='word_1_215' title='bbox 230 1365 285 1396; x_wconf 92' lang='lat' dir='ltr'>ubi</span> <span class='ocrx_word' id='word_1_216' title='bbox 320 1365 357 1396; x_wconf 89' lang='lat' dir='ltr'>de</span> <span class='ocrx_word' id='word_1_217' title='bbox 382 1364 522 1405; x_wconf 80' lang='lat' dir='ltr'>Vergilii</span> <span class='ocrx_word' id='word_1_218' title='bbox 556 1364 663 1396; x_wconf 86' lang='lat' dir='ltr'>verbis</span> <span class='ocrx_word' id='word_1_219' title='bbox 697 1363 948 1405; x_wconf 87' lang='lat' dir='ltr'>interpretandis</span> <span class='ocrx_word' id='word_1_220' title='bbox 979 1364 1034 1394; x_wconf 82' lang='lat' dir='ltr'>aut</span> <span class='ocrx_word' id='word_1_221' title='bbox 1063 1362 1100 1393; x_wconf 90' lang='lat' dir='ltr'>de</span> <span class='ocrx_word' id='word_1_222' title='bbox 1130 1361 1194 1392; x_wconf 89' lang='lat' dir='ltr'>alia</span> <span class='ocrx_word' id='word_1_223' title='bbox 1222 1372 1255 1392; x_wconf 83' lang='lat' dir='ltr'>re</span> <span class='ocrx_word' id='word_1_224' title='bbox 1284 1362 1449 1394; x_wconf 85' lang='lat' dir='ltr'>dubitaret</span> <span class='ocrx_word' id='word_1_225' title='bbox 1479 1364 1510 1394; x_wconf 92' lang='lat' dir='ltr'>et</span> 
     </span>
     <span class='ocr_line' id='line_1_24' title="bbox 229 1415 1509 1460; baseline 0 -12"><span class='ocrx_word' id='word_1_226' title='bbox 229 1418 335 1459; x_wconf 87' lang='lat' dir='ltr'>ipsum</span> <span class='ocrx_word' id='word_1_227' title='bbox 362 1419 488 1460; x_wconf 88' lang='lat' dir='ltr'>quidem</span> <span class='ocrx_word' id='word_1_228' title='bbox 515 1418 581 1449; x_wconf 69' lang='lat' dir='ltr'>‘vel</span> <span class='ocrx_word' id='word_1_229' title='bbox 606 1417 707 1449; x_wconf 85' lang='lat' dir='ltr'>certe&#39;</span> <span class='ocrx_word' id='word_1_230' title='bbox 733 1418 782 1448; x_wconf 86' lang='lat' dir='ltr'>vel</span> <span class='ocrx_word' id='word_1_231' title='bbox 808 1417 880 1448; x_wconf 68' lang='lat' dir='ltr'>‘aut</span> <span class='ocrx_word' id='word_1_232' title='bbox 904 1415 1005 1448; x_wconf 85' lang='lat' dir='ltr'>certe&#39;</span> <span class='ocrx_word' id='word_1_233' title='bbox 1029 1415 1190 1457; x_wconf 83' lang='lat' dir='ltr'>posuisse,</span> <span class='ocrx_word' id='word_1_234' title='bbox 1222 1415 1275 1446; x_wconf 89' lang='lat' dir='ltr'>sed</span> <span class='ocrx_word' id='word_1_235' title='bbox 1305 1416 1509 1456; x_wconf 84' lang='lat' dir='ltr'>paucissimis</span> 
     </span>
     <span class='ocr_line' id='line_1_25' title="bbox 229 1468 1509 1514; baseline 0 -12"><span class='ocrx_word' id='word_1_236' title='bbox 229 1471 308 1503; x_wconf 91' lang='lat' dir='ltr'>locis</span> <span class='ocrx_word' id='word_1_237' title='bbox 334 1473 476 1514; x_wconf 84' lang='lat' dir='ltr'>exceptis</span> <span class='ocrx_word' id='word_1_238' title='bbox 492 1471 534 1513; x_wconf 83' lang='lat' dir='ltr'>(p.</span> <span class='ocrx_word' id='word_1_239' title='bbox 555 1472 625 1512; x_wconf 81' lang='lat'>125,</span> <span class='ocrx_word' id='word_1_240' title='bbox 643 1472 696 1512; x_wconf 79' lang='lat'>143</span> <span class='ocrx_word' id='word_1_241' title='bbox 724 1471 795 1512; x_wconf 84' lang='lat'>127,</span> <span class='ocrx_word' id='word_1_242' title='bbox 815 1470 867 1511; x_wconf 80' lang='lat'>11)</span> <span class='ocrx_word' id='word_1_243' title='bbox 887 1471 942 1511; x_wconf 88' lang='lat' dir='ltr'>ita,</span> <span class='ocrx_word' id='word_1_244' title='bbox 962 1471 999 1501; x_wconf 86' lang='lat' dir='ltr'>ut</span> <span class='ocrx_word' id='word_1_245' title='bbox 1019 1468 1106 1500; x_wconf 67' lang='lat' dir='ltr'>‘aut’</span> <span class='ocrx_word' id='word_1_246' title='bbox 1127 1468 1177 1499; x_wconf 85' lang='lat' dir='ltr'>vel</span> <span class='ocrx_word' id='word_1_247' title='bbox 1199 1468 1282 1500; x_wconf 76' lang='lat' dir='ltr'>‘vel&#39;</span> <span class='ocrx_word' id='word_1_248' title='bbox 1302 1469 1509 1510; x_wconf 84' lang='lat' dir='ltr'>praecederet</span> 
     </span>
     <span class='ocr_line' id='line_1_26' title="bbox 229 1522 1508 1567; baseline -0.002 -9"><span class='ocrx_word' id='word_1_249' title='bbox 229 1523 272 1566; x_wconf 87' lang='lat' dir='ltr'>(p.</span> <span class='ocrx_word' id='word_1_250' title='bbox 297 1525 349 1565; x_wconf 76' lang='lat'>96,</span> <span class='ocrx_word' id='word_1_251' title='bbox 373 1526 392 1556; x_wconf 78' lang='lat'>9</span> <span class='ocrx_word' id='word_1_252' title='bbox 419 1528 451 1557; x_wconf 90' lang='lat' dir='ltr'>et</span> <span class='ocrx_word' id='word_1_253' title='bbox 478 1526 531 1567; x_wconf 77' lang='lat'>143</span> <span class='ocrx_word' id='word_1_254' title='bbox 558 1525 629 1565; x_wconf 79' lang='lat'>105,</span> <span class='ocrx_word' id='word_1_255' title='bbox 654 1525 710 1565; x_wconf 73' lang='lat'>233</span> <span class='ocrx_word' id='word_1_256' title='bbox 738 1525 813 1565; x_wconf 89' lang='lat'>122,</span> <span class='ocrx_word' id='word_1_257' title='bbox 841 1525 895 1566; x_wconf 79' lang='lat'>103</span> <span class='ocrx_word' id='word_1_258' title='bbox 922 1524 997 1565; x_wconf 84' lang='lat'>123,</span> <span class='ocrx_word' id='word_1_259' title='bbox 1025 1523 1078 1564; x_wconf 80' lang='lat'>183</span> <span class='ocrx_word' id='word_1_260' title='bbox 1106 1522 1181 1562; x_wconf 84' lang='lat'>131,</span> <span class='ocrx_word' id='word_1_261' title='bbox 1208 1522 1261 1562; x_wconf 79' lang='lat'>193</span> <span class='ocrx_word' id='word_1_262' title='bbox 1289 1523 1365 1564; x_wconf 85' lang='lat'>176,</span> <span class='ocrx_word' id='word_1_263' title='bbox 1389 1522 1434 1565; x_wconf 81' lang='lat'>4).</span> <span class='ocrx_word' id='word_1_264' title='bbox 1480 1523 1508 1555; x_wconf 76' lang='lat' dir='ltr'>Is</span> 
     </span>
     <span class='ocr_line' id='line_1_27' title="bbox 228 1577 1508 1620; baseline -0.001 -11"><span class='ocrx_word' id='word_1_265' title='bbox 228 1579 283 1620; x_wconf 88' lang='lat' dir='ltr'>qui</span> <span class='ocrx_word' id='word_1_266' title='bbox 308 1579 486 1620; x_wconf 86' lang='lat' dir='ltr'>pleniorem</span> <span class='ocrx_word' id='word_1_267' title='bbox 511 1578 780 1610; x_wconf 87' lang='lat' dir='ltr'>commentarium</span> <span class='ocrx_word' id='word_1_268' title='bbox 804 1577 989 1618; x_wconf 84' lang='lat' dir='ltr'>composuit</span> <span class='ocrx_word' id='word_1_269' title='bbox 1013 1588 1084 1608; x_wconf 81' lang='lat' dir='ltr'>eam</span> <span class='ocrx_word' id='word_1_270' title='bbox 1108 1587 1177 1607; x_wconf 88' lang='lat' dir='ltr'>rem</span> <span class='ocrx_word' id='word_1_271' title='bbox 1201 1587 1265 1607; x_wconf 89' lang='lat' dir='ltr'>non</span> <span class='ocrx_word' id='word_1_272' title='bbox 1290 1577 1428 1618; x_wconf 88' lang='lat' dir='ltr'>curavit,</span> <span class='ocrx_word' id='word_1_273' title='bbox 1453 1577 1508 1609; x_wconf 89' lang='lat' dir='ltr'>sed</span> 
     </span>
     <span class='ocr_line' id='line_1_28' title="bbox 228 1628 1506 1672; baseline -0.001 -9"><span class='ocrx_word' id='word_1_274' title='bbox 228 1631 301 1663; x_wconf 71' lang='lat' dir='ltr'>‘aut</span> <span class='ocrx_word' id='word_1_275' title='bbox 325 1631 426 1663; x_wconf 82' lang='lat' dir='ltr'>certe’</span> <span class='ocrx_word' id='word_1_276' title='bbox 452 1634 484 1663; x_wconf 91' lang='lat' dir='ltr'>et</span> <span class='ocrx_word' id='word_1_277' title='bbox 509 1631 575 1663; x_wconf 69' lang='lat' dir='ltr'>‘vel</span> <span class='ocrx_word' id='word_1_278' title='bbox 597 1630 698 1663; x_wconf 87' lang='lat' dir='ltr'>certe&#39;</span> <span class='ocrx_word' id='word_1_279' title='bbox 725 1631 914 1672; x_wconf 81' lang='lat' dir='ltr'>saepissime</span> <span class='ocrx_word' id='word_1_280' title='bbox 940 1630 1093 1661; x_wconf 85' lang='lat' dir='ltr'>addendis</span> <span class='ocrx_word' id='word_1_281' title='bbox 1117 1628 1277 1670; x_wconf 87' lang='lat' dir='ltr'>praefixit,</span> <span class='ocrx_word' id='word_1_282' title='bbox 1302 1630 1429 1661; x_wconf 86' lang='lat' dir='ltr'>etiamsi</span> <span class='ocrx_word' id='word_1_283' title='bbox 1453 1641 1506 1662; x_wconf 90' lang='lat' dir='ltr'>ne-</span> 
     </span>
     <span class='ocr_line' id='line_1_29' title="bbox 227 1684 1204 1727; baseline -0.002 -12"><span class='ocrx_word' id='word_1_284' title='bbox 227 1696 287 1726; x_wconf 86' lang='lat' dir='ltr'>que</span> <span class='ocrx_word' id='word_1_285' title='bbox 313 1685 401 1717; x_wconf 68' lang='lat' dir='ltr'>‘aut’</span> <span class='ocrx_word' id='word_1_286' title='bbox 426 1697 528 1727; x_wconf 90' lang='lat' dir='ltr'>neque</span> <span class='ocrx_word' id='word_1_287' title='bbox 553 1685 637 1717; x_wconf 75' lang='lat' dir='ltr'>‘vel’</span> <span class='ocrx_word' id='word_1_288' title='bbox 662 1685 694 1716; x_wconf 88' lang='lat' dir='ltr'>in</span> <span class='ocrx_word' id='word_1_289' title='bbox 719 1685 853 1726; x_wconf 80' lang='lat' dir='ltr'>vulgato</span> <span class='ocrx_word' id='word_1_290' title='bbox 879 1684 1002 1715; x_wconf 86' lang='lat' dir='ltr'>scholio</span> <span class='ocrx_word' id='word_1_291' title='bbox 1026 1684 1204 1714; x_wconf 87' lang='lat' dir='ltr'>invenerat.</span> 
     </span>
    </p>

    <p class='ocr_par' dir='ltr' id='par_1_3' title="bbox 74 1734 1505 1780">
     <span class='ocr_line' id='line_1_30' title="bbox 74 1734 1505 1780; baseline -0.002 -10"><span class='ocrx_word' id='word_1_292' title='bbox 74 1734 204 1752; x_wconf 57' lang='lat' dir='ltr'>Dflnifflm&#39;</span> <span class='ocrx_word' id='word_1_293' title='bbox 317 1739 366 1770; x_wconf 86' lang='lat' dir='ltr'>Ea</span> <span class='ocrx_word' id='word_1_294' title='bbox 380 1740 565 1780; x_wconf 90' lang='lat' dir='ltr'>pleniorum</span> <span class='ocrx_word' id='word_1_295' title='bbox 579 1739 735 1770; x_wconf 85' lang='lat' dir='ltr'>librorum</span> <span class='ocrx_word' id='word_1_296' title='bbox 752 1738 877 1769; x_wconf 84' lang='lat' dir='ltr'>scholia</span> <span class='ocrx_word' id='word_1_297' title='bbox 897 1748 977 1778; x_wconf 87' lang='lat' dir='ltr'>quae</span> <span class='ocrx_word' id='word_1_298' title='bbox 994 1736 1033 1768; x_wconf 90' lang='lat' dir='ltr'>ad</span> <span class='ocrx_word' id='word_1_299' title='bbox 1048 1736 1186 1777; x_wconf 81' lang='lat' dir='ltr'>Vergilii</span> <span class='ocrx_word' id='word_1_300' title='bbox 1205 1737 1312 1777; x_wconf 84' lang='lat' dir='ltr'>verba,</span> <span class='ocrx_word' id='word_1_301' title='bbox 1329 1737 1367 1768; x_wconf 90' lang='lat' dir='ltr'>de</span> <span class='ocrx_word' id='word_1_302' title='bbox 1388 1737 1505 1778; x_wconf 86' lang='lat' dir='ltr'>quibus</span> 
     </span>
    </p>
   </div>
   <div class='ocr_carea' id='block_1_3' title="bbox 75 1762 202 1780">
    <p class='ocr_par' dir='ltr' id='par_1_4' title="bbox 75 1762 202 1780">
     <span class='ocr_line' id='line_1_31' title="bbox 75 1762 202 1780; baseline 0 -1"><span class='ocrx_word' id='word_1_303' title='bbox 75 1767 123 1779; x_wconf 84' lang='lat' dir='ltr'>rum</span> <span class='ocrx_word' id='word_1_304' title='bbox 139 1762 202 1780; x_wconf 70' lang='lat' dir='ltr'>schn-</span> 
     </span>
    </p>
   </div>
   <div class='ocr_carea' id='block_1_4' title="bbox 65 1788 1505 1831">
    <p class='ocr_par' dir='ltr' id='par_1_5' title="bbox 65 1788 1505 1831">
     <span class='ocr_line' id='line_1_32' title="bbox 65 1788 1505 1831; baseline 0 -9"><span class='ocrx_word' id='word_1_305' title='bbox 65 1788 146 1806; x_wconf 54' lang='lat' dir='ltr'><strong>¹³⁰r¹¹¹¹¹</strong></span> <span class='ocrx_word' id='word_1_306' title='bbox 162 1794 205 1807; x_wconf 68' lang='lat'>¹¹⁰⁰</span> <span class='ocrx_word' id='word_1_307' title='bbox 227 1793 257 1823; x_wconf 82' lang='grc'>111</span> <span class='ocrx_word' id='word_1_308' title='bbox 289 1793 490 1824; x_wconf 84' lang='lat' dir='ltr'>brevioribus</span> <span class='ocrx_word' id='word_1_309' title='bbox 515 1793 607 1824; x_wconf 80' lang='lat' dir='ltr'>libris</span> <span class='ocrx_word' id='word_1_310' title='bbox 633 1793 715 1824; x_wconf 87' lang='lat' dir='ltr'>nihil</span> <span class='ocrx_word' id='word_1_311' title='bbox 740 1792 932 1824; x_wconf 88' lang='lat' dir='ltr'>adnotatum</span> <span class='ocrx_word' id='word_1_312' title='bbox 956 1792 1014 1831; x_wconf 90' lang='lat' dir='ltr'>est,</span> <span class='ocrx_word' id='word_1_313' title='bbox 1038 1790 1203 1831; x_wconf 87' lang='lat' dir='ltr'>pertinent</span> <span class='ocrx_word' id='word_1_314' title='bbox 1228 1801 1306 1821; x_wconf 90' lang='lat' dir='ltr'>num</span> <span class='ocrx_word' id='word_1_315' title='bbox 1333 1790 1411 1821; x_wconf 88' lang='lat' dir='ltr'>olim</span> <span class='ocrx_word' id='word_1_316' title='bbox 1434 1790 1505 1822; x_wconf 83' lang='lat' dir='ltr'>Ser-</span> 
     </span>
    </p>
   </div>
   <div class='ocr_carea' id='block_1_5' title="bbox 66 1815 205 1833">
    <p class='ocr_par' dir='ltr' id='par_1_6' title="bbox 66 1815 205 1833">
     <span class='ocr_line' id='line_1_33' title="bbox 66 1815 205 1833; baseline 0.007 -1"><span class='ocrx_word' id='word_1_317' title='bbox 66 1815 128 1833; x_wconf 79' lang='lat' dir='ltr'>nulla</span> <span class='ocrx_word' id='word_1_318' title='bbox 137 1815 165 1833; x_wconf 73' lang='lat'>:111</span> <span class='ocrx_word' id='word_1_319' title='bbox 174 1815 205 1833; x_wconf 88' lang='lat' dir='ltr'>in-</span> 
     </span>
    </p>
   </div>
   <div class='ocr_carea' id='block_1_6' title="bbox 78 1843 1504 1885">
    <p class='ocr_par' dir='ltr' id='par_1_7' title="bbox 78 1843 1504 1885">
     <span class='ocr_line' id='line_1_34' title="bbox 78 1843 1504 1885; baseline -0.003 -7"><span class='ocrx_word' id='word_1_320' title='bbox 78 1843 187 1863; x_wconf 67' lang='lat'>²⁰¹¹³¹‘&#39;“³·‘⁵</span> <span class='ocrx_word' id='word_1_321' title='bbox 226 1847 311 1877; x_wconf 88' lang='lat' dir='ltr'>viani</span> <span class='ocrx_word' id='word_1_322' title='bbox 342 1847 567 1878; x_wconf 84' lang='lat' dir='ltr'>commentarii</span> <span class='ocrx_word' id='word_1_323' title='bbox 596 1846 717 1877; x_wconf 83' lang='lat' dir='ltr'>fuerint</span> <span class='ocrx_word' id='word_1_324' title='bbox 745 1857 811 1877; x_wconf 91' lang='lat' dir='ltr'>non</span> <span class='ocrx_word' id='word_1_325' title='bbox 834 1845 960 1876; x_wconf 84' lang='lat' dir='ltr'>videtur</span> <span class='ocrx_word' id='word_1_326' title='bbox 990 1844 1084 1875; x_wconf 86' lang='lat' dir='ltr'>aliter</span> <span class='ocrx_word' id='word_1_327' title='bbox 1109 1843 1278 1874; x_wconf 87' lang='lat' dir='ltr'>diiudicari</span> <span class='ocrx_word' id='word_1_328' title='bbox 1303 1854 1412 1885; x_wconf 87' lang='lat' dir='ltr'>posse,</span> <span class='ocrx_word' id='word_1_329' title='bbox 1440 1844 1504 1875; x_wconf 86' lang='lat' dir='ltr'>nisi</span> 
     </span>
    </p>
   </div>
   <div class='ocr_carea' id='block_1_7' title="bbox 73 1868 205 1887">
    <p class='ocr_par' dir='ltr' id='par_1_8' title="bbox 73 1868 205 1887">
     <span class='ocr_line' id='line_1_35' title="bbox 73 1868 205 1887; baseline 0.015 -2"><span class='ocrx_word' id='word_1_330' title='bbox 73 1868 151 1886; x_wconf 67' lang='lat' dir='ltr'>Servio</span> <span class='ocrx_word' id='word_1_331' title='bbox 167 1874 205 1887; x_wconf 79' lang='lat' dir='ltr'>an-</span> 
     </span>
    </p>
   </div>
   <div class='ocr_carea' id='block_1_8' title="bbox 64 1895 1504 2366">
    <p class='ocr_par' dir='ltr' id='par_1_9' title="bbox 64 1895 1504 2366">
     <span class='ocr_line' id='line_1_36' title="bbox 64 1895 1503 1942; baseline -0.001 -11"><span class='ocrx_word' id='word_1_332' title='bbox 64 1895 206 1942; x_wconf 49' lang='grc' dir='ltr'>,ξῇζῇζζῗῇἳζ</span> <span class='ocrx_word' id='word_1_333' title='bbox 225 1900 271 1930; x_wconf 82' lang='lat' dir='ltr'>ita</span> <span class='ocrx_word' id='word_1_334' title='bbox 296 1902 331 1931; x_wconf 86' lang='lat' dir='ltr'>ut</span> <span class='ocrx_word' id='word_1_335' title='bbox 354 1900 495 1941; x_wconf 84' lang='lat' dir='ltr'>primum</span> <span class='ocrx_word' id='word_1_336' title='bbox 519 1902 693 1942; x_wconf 85' lang='lat' dir='ltr'>quaeratur</span> <span class='ocrx_word' id='word_1_337' title='bbox 716 1910 794 1930; x_wconf 88' lang='lat' dir='ltr'>num</span> <span class='ocrx_word' id='word_1_338' title='bbox 818 1898 1021 1939; x_wconf 89' lang='lat' dir='ltr'>reperiantur</span> <span class='ocrx_word' id='word_1_339' title='bbox 1044 1898 1129 1928; x_wconf 90' lang='lat' dir='ltr'>inter</span> <span class='ocrx_word' id='word_1_340' title='bbox 1153 1907 1190 1928; x_wconf 84' lang='lat' dir='ltr'>ea</span> <span class='ocrx_word' id='word_1_341' title='bbox 1216 1908 1296 1937; x_wconf 87' lang='lat' dir='ltr'>quae</span> <span class='ocrx_word' id='word_1_342' title='bbox 1316 1897 1440 1929; x_wconf 89' lang='lat' dir='ltr'>idoneis</span> <span class='ocrx_word' id='word_1_343' title='bbox 1465 1897 1503 1929; x_wconf 90' lang='lat' dir='ltr'>de</span> 
     </span>
     <span class='ocr_line' id='line_1_37' title="bbox 225 1950 1504 1994; baseline -0.002 -10"><span class='ocrx_word' id='word_1_344' title='bbox 225 1954 329 1984; x_wconf 76' lang='lat' dir='ltr'>causis</span> <span class='ocrx_word' id='word_1_345' title='bbox 355 1954 394 1984; x_wconf 86' lang='lat' dir='ltr'>ad</span> <span class='ocrx_word' id='word_1_346' title='bbox 419 1953 500 1985; x_wconf 84' lang='lat' dir='ltr'>alios</span> <span class='ocrx_word' id='word_1_347' title='bbox 525 1953 719 1994; x_wconf 84' lang='lat' dir='ltr'>interpretes</span> <span class='ocrx_word' id='word_1_348' title='bbox 744 1952 888 1992; x_wconf 70' lang='lat' dir='ltr'>revocari</span> <span class='ocrx_word' id='word_1_349' title='bbox 913 1951 1053 1992; x_wconf 80' lang='lat' dir='ltr'>possint,</span> <span class='ocrx_word' id='word_1_350' title='bbox 1088 1950 1199 1982; x_wconf 87' lang='lat' dir='ltr'>deinde</span> <span class='ocrx_word' id='word_1_351' title='bbox 1236 1950 1395 1982; x_wconf 88' lang='lat' dir='ltr'>brevioris</span> <span class='ocrx_word' id='word_1_352' title='bbox 1420 1960 1504 1982; x_wconf 88' lang='lat' dir='ltr'>com-</span> 
     </span>
     <span class='ocr_line' id='line_1_38' title="bbox 225 2003 1502 2047; baseline -0.001 -10"><span class='ocrx_word' id='word_1_353' title='bbox 225 2006 375 2037; x_wconf 84' lang='lat' dir='ltr'>mentarii</span> <span class='ocrx_word' id='word_1_354' title='bbox 401 2007 542 2038; x_wconf 80' lang='lat' dir='ltr'>rationes</span> <span class='ocrx_word' id='word_1_355' title='bbox 568 2008 772 2047; x_wconf 82' lang='lat' dir='ltr'>exponantur</span> <span class='ocrx_word' id='word_1_356' title='bbox 796 2007 828 2036; x_wconf 87' lang='lat' dir='ltr'>et</span> <span class='ocrx_word' id='word_1_357' title='bbox 848 2016 919 2036; x_wconf 88' lang='lat' dir='ltr'>cum</span> <span class='ocrx_word' id='word_1_358' title='bbox 940 2004 1166 2036; x_wconf 85' lang='lat' dir='ltr'>additiciorum</span> <span class='ocrx_word' id='word_1_359' title='bbox 1188 2003 1385 2035; x_wconf 85' lang='lat' dir='ltr'>scholiorum</span> <span class='ocrx_word' id='word_1_360' title='bbox 1405 2004 1502 2036; x_wconf 86' lang='lat' dir='ltr'>ratio-</span> 
     </span>
     <span class='ocr_line' id='line_1_39' title="bbox 223 2056 1501 2100; baseline -0.002 -10"><span class='ocrx_word' id='word_1_361' title='bbox 223 2060 318 2091; x_wconf 79' lang='lat' dir='ltr'>nibus</span> <span class='ocrx_word' id='word_1_362' title='bbox 344 2062 577 2100; x_wconf 84' lang='lat' dir='ltr'>comparentur.</span> <span class='ocrx_word' id='word_1_363' title='bbox 606 2071 679 2091; x_wconf 90' lang='lat' dir='ltr'>nam</span> <span class='ocrx_word' id='word_1_364' title='bbox 705 2060 750 2090; x_wconf 90' lang='lat' dir='ltr'>eis</span> <span class='ocrx_word' id='word_1_365' title='bbox 776 2069 857 2100; x_wconf 87' lang='lat' dir='ltr'>quae</span> <span class='ocrx_word' id='word_1_366' title='bbox 883 2058 985 2090; x_wconf 82' lang='lat' dir='ltr'>adhuc</span> <span class='ocrx_word' id='word_1_367' title='bbox 1009 2057 1047 2088; x_wconf 86' lang='lat' dir='ltr'>de</span> <span class='ocrx_word' id='word_1_368' title='bbox 1068 2056 1248 2088; x_wconf 86' lang='lat' dir='ltr'>Danielinis</span> <span class='ocrx_word' id='word_1_369' title='bbox 1274 2057 1501 2089; x_wconf 85' lang='lat' dir='ltr'>additamentis</span> 
     </span>
     <span class='ocr_line' id='line_1_40' title="bbox 223 2110 1500 2152; baseline 0 -10"><span class='ocrx_word' id='word_1_370' title='bbox 223 2113 309 2143; x_wconf 79' lang='lat' dir='ltr'>dicta</span> <span class='ocrx_word' id='word_1_371' title='bbox 333 2115 408 2144; x_wconf 84' lang='lat' dir='ltr'>sunt</span> <span class='ocrx_word' id='word_1_372' title='bbox 435 2124 545 2143; x_wconf 83' lang='lat' dir='ltr'>eorum</span> <span class='ocrx_word' id='word_1_373' title='bbox 571 2113 715 2144; x_wconf 77' lang='lat' dir='ltr'>codicum</span> <span class='ocrx_word' id='word_1_374' title='bbox 739 2111 945 2152; x_wconf 85' lang='lat' dir='ltr'>testimoniis,</span> <span class='ocrx_word' id='word_1_375' title='bbox 969 2110 1085 2152; x_wconf 84' lang='lat' dir='ltr'>quibus</span> <span class='ocrx_word' id='word_1_376' title='bbox 1113 2111 1241 2142; x_wconf 85' lang='lat' dir='ltr'>brevior</span> <span class='ocrx_word' id='word_1_377' title='bbox 1265 2113 1391 2142; x_wconf 85' lang='lat' dir='ltr'>tantum</span> <span class='ocrx_word' id='word_1_378' title='bbox 1416 2121 1500 2141; x_wconf 86' lang='lat' dir='ltr'>com-</span> 
     </span>
     <span class='ocr_line' id='line_1_41' title="bbox 225 2164 1500 2206; baseline -0.002 -9"><span class='ocrx_word' id='word_1_379' title='bbox 225 2166 403 2197; x_wconf 80' lang='lat' dir='ltr'>mentarius</span> <span class='ocrx_word' id='word_1_380' title='bbox 425 2166 537 2197; x_wconf 72' lang='lat' dir='ltr'>Servio</span> <span class='ocrx_word' id='word_1_381' title='bbox 562 2166 726 2206; x_wconf 84' lang='lat' dir='ltr'>tribuitur,</span> <span class='ocrx_word' id='word_1_382' title='bbox 750 2166 877 2196; x_wconf 83' lang='lat' dir='ltr'>tantum</span> <span class='ocrx_word' id='word_1_383' title='bbox 898 2164 972 2195; x_wconf 84' lang='lat' dir='ltr'>fidei</span> <span class='ocrx_word' id='word_1_384' title='bbox 993 2166 1144 2204; x_wconf 85' lang='lat' dir='ltr'>paratum</span> <span class='ocrx_word' id='word_1_385' title='bbox 1165 2174 1233 2195; x_wconf 84' lang='lat' dir='ltr'>esse</span> <span class='ocrx_word' id='word_1_386' title='bbox 1254 2174 1356 2205; x_wconf 87' lang='lat' dir='ltr'>spero,</span> <span class='ocrx_word' id='word_1_387' title='bbox 1380 2165 1416 2195; x_wconf 87' lang='lat' dir='ltr'>ut</span> <span class='ocrx_word' id='word_1_388' title='bbox 1435 2173 1500 2194; x_wconf 92' lang='lat' dir='ltr'>non</span> 
     </span>
     <span class='ocr_line' id='line_1_42' title="bbox 224 2215 1498 2259; baseline -0.004 -8"><span class='ocrx_word' id='word_1_389' title='bbox 224 2220 287 2251; x_wconf 82' lang='lat' dir='ltr'>iam</span> <span class='ocrx_word' id='word_1_390' title='bbox 309 2219 480 2251; x_wconf 82' lang='lat' dir='ltr'>verendum</span> <span class='ocrx_word' id='word_1_391' title='bbox 501 2219 552 2259; x_wconf 83' lang='lat' dir='ltr'>sit,</span> <span class='ocrx_word' id='word_1_392' title='bbox 572 2230 611 2250; x_wconf 87' lang='lat' dir='ltr'>ne</span> <span class='ocrx_word' id='word_1_393' title='bbox 630 2221 751 2250; x_wconf 86' lang='lat' dir='ltr'>temere</span> <span class='ocrx_word' id='word_1_394' title='bbox 772 2228 867 2259; x_wconf 80' lang='lat' dir='ltr'>agere</span> <span class='ocrx_word' id='word_1_395' title='bbox 887 2218 996 2249; x_wconf 86' lang='lat' dir='ltr'>videar</span> <span class='ocrx_word' id='word_1_396' title='bbox 1016 2218 1041 2249; x_wconf 83' lang='lat' dir='ltr'>si</span> <span class='ocrx_word' id='word_1_397' title='bbox 1063 2217 1220 2249; x_wconf 82' lang='lat' dir='ltr'>scholium</span> <span class='ocrx_word' id='word_1_398' title='bbox 1240 2215 1370 2258; x_wconf 90' lang='lat' dir='ltr'>aliquod</span> <span class='ocrx_word' id='word_1_399' title='bbox 1390 2217 1498 2247; x_wconf 88' lang='lat' dir='ltr'>utrum</span> 
     </span>
     <span class='ocr_line' id='line_1_43' title="bbox 223 2268 1498 2312; baseline -0.004 -8"><span class='ocrx_word' id='word_1_400' title='bbox 223 2272 325 2305; x_wconf 65' lang='lat' dir='ltr'>Servii</span> <span class='ocrx_word' id='word_1_401' title='bbox 351 2284 391 2304; x_wconf 78' lang='lat' dir='ltr'>an</span> <span class='ocrx_word' id='word_1_402' title='bbox 415 2273 497 2304; x_wconf 78' lang='lat' dir='ltr'>alius</span> <span class='ocrx_word' id='word_1_403' title='bbox 524 2272 709 2312; x_wconf 78' lang='lat' dir='ltr'>interpretis</span> <span class='ocrx_word' id='word_1_404' title='bbox 735 2272 777 2303; x_wconf 76' lang='lat' dir='ltr'>sit</span> <span class='ocrx_word' id='word_1_405' title='bbox 802 2271 907 2302; x_wconf 82' lang='lat' dir='ltr'>causis</span> <span class='ocrx_word' id='word_1_406' title='bbox 933 2282 948 2302; x_wconf 87' lang='lat' dir='ltr'>e</span> <span class='ocrx_word' id='word_1_407' title='bbox 965 2270 1110 2302; x_wconf 81' lang='lat' dir='ltr'>Serviani</span> <span class='ocrx_word' id='word_1_408' title='bbox 1131 2268 1353 2302; x_wconf 86' lang='lat' dir='ltr'>commentarii</span> <span class='ocrx_word' id='word_1_409' title='bbox 1373 2269 1498 2301; x_wconf 83' lang='lat' dir='ltr'>ratione</span> 
     </span>
     <span class='ocr_line' id='line_1_44' title="bbox 224 2322 1499 2366; baseline -0.002 -10"><span class='ocrx_word' id='word_1_410' title='bbox 224 2327 333 2366; x_wconf 77' lang='lat' dir='ltr'>petitis</span> <span class='ocrx_word' id='word_1_411' title='bbox 359 2326 525 2366; x_wconf 72' lang='lat' dir='ltr'>explorare</span> <span class='ocrx_word' id='word_1_412' title='bbox 551 2325 656 2356; x_wconf 76' lang='lat' dir='ltr'>velini.</span> <span class='ocrx_word' id='word_1_413' title='bbox 696 2327 837 2356; x_wconf 80' lang='lat' dir='ltr'>ceterum</span> <span class='ocrx_word' id='word_1_414' title='bbox 862 2325 944 2356; x_wconf 78' lang='lat' dir='ltr'>hanc</span> <span class='ocrx_word' id='word_1_415' title='bbox 969 2323 1191 2366; x_wconf 82' lang='lat' dir='ltr'>quaestionem</span> <span class='ocrx_word' id='word_1_416' title='bbox 1216 2322 1255 2354; x_wconf 82' lang='lat' dir='ltr'>ad</span> <span class='ocrx_word' id='word_1_417' title='bbox 1280 2322 1403 2364; x_wconf 83' lang='lat' dir='ltr'>reliqua</span> <span class='ocrx_word' id='word_1_418' title='bbox 1423 2334 1499 2363; x_wconf 89' lang='lat' dir='ltr'>quo-</span> 
     </span>
    </p>
   </div>
   <div class='ocr_carea' id='block_1_9' title="bbox 222 2378 1096 2420">
    <p class='ocr_par' dir='ltr' id='par_1_10' title="bbox 222 2378 1096 2420">
     <span class='ocr_line' id='line_1_45' title="bbox 222 2378 1096 2420; baseline -0.002 -10"><span class='ocrx_word' id='word_1_419' title='bbox 222 2391 281 2420; x_wconf 84' lang='lat' dir='ltr'>que</span> <span class='ocrx_word' id='word_1_420' title='bbox 307 2380 599 2411; x_wconf 79' lang='lat' dir='ltr'>additamentorum</span> <span class='ocrx_word' id='word_1_421' title='bbox 625 2389 744 2419; x_wconf 77' lang='lat' dir='ltr'>genera</span> <span class='ocrx_word' id='word_1_422' title='bbox 768 2378 929 2419; x_wconf 86' lang='lat' dir='ltr'>pertinere</span> <span class='ocrx_word' id='word_1_423' title='bbox 955 2379 1096 2419; x_wconf 82' lang='lat' dir='ltr'>apparet.</span> 
     </span>
    </p>
   </div>
  </div>
 </body>
</html>
