1690 2611
488 119 600 147 COMM.
620 120 659 146 IN
678 120 785 146 Vnae.
805 120 888 146 AEN.
909 121 942 146 11.
964 124 1111 147 vos—721.
1170 104 1174 106 ⁵
1372 121 1436 151 323

158 210 292 234 SERTAE
319 210 466 233 CERERIS
491 202 572 233 bene
598 200 723 233 Cereris
748 201 858 233 fanum
883 204 957 232 ante
982 202 1094 233 urbem
1119 201 1202 244 (esse
1226 202 1331 243 facit),
1356 213 1437 244 quae

160 255 220 286 dea
242 255 437 286 rusticorum
461 256 519 286 est.
565 257 598 286 et
627 255 746 286 librate
771 255 896 286 Aeneas
926 258 959 286 et
983 254 1109 286 Cereris
1138 256 1296 297 templum
1325 258 1357 287 et
1385 267 1436 287 ve-

157 310 280 339 tustum
306 308 419 350 elegit,
444 308 483 339 ad
507 308 592 350 quod
616 319 674 339 nec
700 308 774 339 viris
796 310 865 339 erat
885 308 1004 349 aditus,
1029 309 1112 340 sicut
1133 309 1243 340 hostes
1263 310 1437 350 putabant:

157 372 232 392 nam
257 361 384 393 Aeneas
416 362 489 402 scit,
521 363 595 393 ante
627 372 696 393 esse
726 361 945 402 profanatum:
978 373 1037 393 nec
1068 362 1205 402 praedae
1237 374 1292 403 spe
1322 362 1438 394 Graeci

157 417 310 455 poterant
335 415 415 446 duci.

249 469 320 500 714.
355 476 539 500 DESERTAE
561 475 706 499 CERERIS
726 469 835 499 utrum
855 479 874 498 a
894 468 1070 509 sacerdote,
1091 469 1146 510 qui
1167 469 1200 500 in
1220 472 1310 500 sexto
1331 470 1438 510 (484)

158 522 319 553 extinctus
344 522 519 562 inducitur,
543 523 580 552 ut
604 520 814 562 Cererique
843 532 992 552 sacrum
1015 521 1269 563 Polyboeten:
1304 534 1344 554 an
1373 522 1438 554 ‘de-

158 574 278 606 sertae’
304 575 382 606 belli
402 577 547 615 tempore
568 576 700 615 propter
720 574 925 606 decennalem
946 575 1170 606 obsidionem?
1201 587 1241 607 an
1261 575 1437 608 ‘desertae’

159 639 177 659 a
202 628 285 669 filia,
309 631 346 659 ut
369 639 434 659 nec
459 628 629 668 repetita
654 628 762 668 sequi
787 630 895 659 curet
918 627 1151 669 Proserpina
1182 632 1349 661 matrem.

158 681 316 717 *ωυρμ
339 694 500 713 crpzerssrs
526 682 568 712 ad
594 684 768 713 vetustatem
796 682 920 713 rettulit.
973 693 1160 722 cupressum
1193 685 1314 723 autem,
1350 683 1437 714 fune-

158 735 248 765 brem
274 735 438 775 arborem,
460 734 540 765 bene
566 737 640 765 ante
664 734 822 775 templum
847 734 924 765 deae
948 734 1090 776 lugentis
1116 746 1185 766 esse
1210 735 1416 768 confirmatss

248 788 320 819 715.
358 796 549 819 RELIGIONE
580 797 723 819 PATRVM
753 788 884 819 timore:
914 790 947 819 et
976 790 1025 819 est
1054 788 1263 829 reciprocum.
1309 790 1355 821 sic
1384 789 1440 821 Te-

158 841 282 872 rentius
307 852 392 872 nam
418 841 511 872 mihi
535 840 634 872 nihil
661 851 756 881 esse,
781 841 924 882 religio
951 844 1008 872 est
1032 841 1171 880 dicere,
1196 842 1227 873 id
1253 845 1302 873 est
1322 845 1439 885 metus3

159 895 237 925 item
262 894 427 936 Vergilius
457 896 569 926 eontra
601 893 685 934 <VII
710 894 773 934 60>
805 894 1023 936 multosque
1055 897 1156 926 metu
1188 899 1345 928 servata
1374 908 1440 938 per

160 959 293 980 annos:
323 959 443 979 conexa
472 948 557 979 enim
581 949 656 979 sunt
679 947 778 979 timor
803 950 834 979 et
858 948 987 989 religio,
1011 950 1048 979 ut
1073 947 1195 980 Statius
1225 949 1371 990 primus
1401 951 1439 981 in

162 1002 253 1033 orbe
278 1001 369 1032 deos
394 1001 489 1032 fecit
511 1000 636 1032 timor.

250 1055 323 1086 716.
361 1068 401 1086 Ex
421 1067 545 1087 mrmso
568 1057 603 1085 ut
625 1064 686 1085 uon
708 1055 749 1086 sit
771 1055 902 1095 suspicio
926 1055 1061 1087 Graecis.

251 1109 323 1139 717.
363 1117 448 1140 CAPE
470 1116 578 1139 SACRA
598 1117 694 1139 MANV
715 1119 779 1139 non
800 1111 848 1139 est
867 1108 984 1149 dantis,
1003 1109 1058 1140 sed
1078 1109 1256 1151 hortantis,
1277 1112 1313 1141 ut
1333 1111 1439 1151 tollat,

160 1161 236 1202 quia
261 1161 406 1202 sequitur
431 1161 499 1197 fine
524 1161 609 1192 bello
641 1173 656 1192 e
685 1164 777 1193 tanto
806 1162 986 1203 digressum
1017 1164 1048 1193 et
1078 1163 1172 1194 caede
1196 1164 1318 1195 recenti
1342 1166 1439 1195 attre-

159 1217 246 1246 ctare
275 1213 396 1246 nefas':
430 1215 491 1245 scit
520 1215 618 1255 enim,
651 1214 790 1256 Graecos
826 1226 862 1246 ex
893 1216 1072 1256 pollutione
1102 1216 1243 1247 Palladii
1276 1218 1438 1258 piaculum

163 1268 370 1300 commisisse.

249 1322 321 1352 719.
360 1335 493 1354 numm
512 1335 577 1353 nro
594 1322 738 1362 perenni,
763 1322 835 1361 quia
862 1322 970 1362 iuyiter
994 1334 1075 1363 aqua
1095 1323 1193 1362 fluens
1217 1325 1286 1355 ric-a
1306 1327 1439 1356 vocatur.

248 1383 405 1406 FLVMINE
425 1384 509 1407 VIVO
531 1386 656 1416 semper
676 1376 801 1415 fluenti,
821 1375 852 1406 id
873 1378 922 1406 est
942 1376 1096 1417 naturali,
1120 1379 1156 1407 ut
1176 1377 1212 1417 <I
1232 1378 1315 1417 167>
1336 1379 1439 1409 vivo-

160 1439 229 1469 que
254 1428 394 1459 sedilia
418 1440 517 1459 saxo.
564 1433 612 1459 est
636 1430 743 1460 autem
768 1429 923 1469 augurale
948 1430 1089 1460 verbum.

251 1481 323 1512 720.
363 1494 496 1513 ABLI‘ERO
513 1492 573 1522 pro
597 1481 729 1512 abluam.

251 1535 323 1566 721.
361 1543 471 1566 LATOS
501 1544 638 1566 VMEROS
673 1537 728 1566 aut
762 1546 849 1565 more
883 1535 1015 1567 heroum
1051 1548 1084 1568 se
1113 1537 1235 1569 laudat:
1271 1540 1326 1569 aut
1355 1542 1438 1571 certe

233 1661 247 1683 9
267 1667 319 1684 nec
339 1658 471 1693 repetitu]
491 1667 585 1692 georg.
607 1659 617 1683 Ι
638 1659 742 1691 391112
763 1658 920 1692 Terentius]
942 1659 1033 1685 heaut.
1055 1660 1113 1686 tim.
1130 1661 1154 1686 II
1176 1664 1197 1693 1,
1220 1665 1250 1687 16
1273 1662 1348 1688 ‘nam
1368 1663 1438 1688 nihil

162 1702 223 1719 esse
242 1693 311 1719 mihi
331 1694 459 1727 religiost
479 1694 590 1720 diccre’.
616 1694 624 1727 ΙΙ
650 1698 681 1719 15
702 1694 819 1727 Statius}
845 1693 930 1720 Theb.
952 1695 988 1720 ΙΙΙ
1010 1699 1059 1721 4561
1085 1697 1094 1729 ll
1118 1700 1150 1722 25
1175 1697 1296 1723 Ablucro
1320 1707 1369 1732 pro
1390 1699 1437 1724 ab-

162 1729 252 1764 luam]
273 1729 306 1755 cf.
328 1729 396 1755 Don.
417 1730 452 1755 ad
472 1730 532 1756 Ter.
552 1730 664 1756 Phorm.
684 1730 708 1755 ll
728 1733 752 1762 3,
774 1732 804 1755 73
1402 1751 1407 1754 .

235 1848 247 1870 1
268 1846 332 1871 ante
352 1845 447 1871 urbem
468 1853 527 1871 esse
544 1845 612 1871 facit
627 1845 780 1878 Stephanus
799 1848 823 1871 et
838 1845 940 1872 Daniel
966 1846 1035 1872 dicit
1054 1856 1114 1874 esse
1134 1849 1198 1874 ante
1213 1849 1309 1875 urbem
1323 1849 1353 1875 D
1378 1858 1438 1876 esse

162 1880 230 1906 facit
244 1881 308 1906 libri
318 1884 428 1913 praeter
444 1880 480 1906 6ss
495 1889 544 1906 om.
560 1882 569 1913 ss
583 1881 649 1913 quia
663 1881 858 1907 1‹'.‚Schoellsns
873 1883 881 1915 [Ι
896 1885 910 1907 :2
926 1882 1028 1908 librate
1044 1884 1114 1908 ME
1138 1884 1221 1910 librat
1235 1886 1281 1910 uel
1296 1885 1396 1911 librate
1412 1886 1437 1911 L

163 1916 259 1949 (librat
277 1916 322 1941 uel
342 1919 478 1949 fflsspwzcea
502 1920 573 1942 sunt.
602 1916 691 1949 perite
715 1917 858 1943 moderate
882 1925 1014 1951 supet-scr.
1035 1919 1053 1951 I)
1078 1919 1161 1944 librat
1185 1920 1217 1945 H
1237 1921 1246 1953 ΙΙ
1269 1923 1284 1945 4
1308 1921 1439 1954 profana-

161 1951 232 1985 tum]
252 1952 366 1984 propter
385 1952 459 1984 quod
478 1952 540 1978 add.
563 1952 635 1985 0116
656 1960 672 1978 a
692 1960 741 1978 om.
762 1952 827 1977 HE
846 1954 919 1985 (add.
940 1955 962 1987 e)
977 1955 985 1987 Η
1001 1957 1014 1980 7
1035 1955 1202 1987 polyboeten
1224 1956 1258 1981 M
1277 1956 1438 1989 poliboetcn

161 1987 226 2012 HE
245 1996 270 2020 p.
291 1987 316 2012 L
339 1988 348 2020 ΙΙ
372 1990 387 2012 S
408 1986 475 2012 belli
494 1988 618 2020 tempore
639 2009 644 2013 .
661 2008 666 2013 .
683 2009 687 2014 .
709 1996 744 2013 an
764 1988 888 2014 desertae
908 1997 957 2015 om.
977 1990 1049 2021 LE,
1071 1992 1099 2015 in
1118 1999 1202 2024 mary.
1223 1992 1348 2024 supplent
1369 2001 1411 2017 mc
1437 2011 1438 2025 3

162 2025 194 2048 10
219 2031 335 2051 Axi-mvn
361 2032 503 2047 cvpnnssvs
535 2023 570 2047 ad
593 2023 761 2048 vetustatem
785 2024 895 2049 rettulit
919 2046 924 2050 .
945 2045 950 2050 .
972 2045 976 2050 .
1002 2026 1158 2060 confirmat]
1188 2027 1240 2052 huc
1269 2029 1438 2060 transposuit

165 2058 329 2089 illast-icius,
346 2061 407 2091 post
426 2058 509 2083 timor
529 2058 586 2090 (lin.
608 2060 651 2090 16)
669 2059 779 2092 praebet
800 2058 827 2085 0.
862 2068 1020 2093 cupressum
1042 2082 1047 2086 .
1064 2083 1069 2087 .
1087 2082 1091 2086 .
1112 2062 1258 2087 confirmat
1273 2066 1336 2095 post
1354 2063 1439 2089 timor

160 2094 258 2119 habeut
278 2093 415 2118 LHME
437 2094 446 2126 ΙΙ
472 2096 501 2118 11
523 2092 644 2126 lugentis
664 2094 731 2119 deae
754 2094 788 2119 M
811 2095 819 2127 11
844 2103 902 2120 esse
928 2096 1084 2130 confirmat]
1110 2096 1219 2123 induxit
1240 2099 1262 2123 G
1283 2100 1292 2131 Η
1317 2102 1347 2124 13
1368 2099 1437 2124 nihil

161 2129 230 2154 mihi
249 2129 274 2154 L
296 2130 305 2161 ss
326 2129 431 2162 relegio
452 2128 477 2153 L
498 2129 506 2161 ΙΙ
531 2132 561 2153 15
581 2128 679 2162 religio
700 2130 727 2154 et
745 2129 828 2155 timor
847 2130 880 2155 H
898 2132 906 2163 ΙΙ
930 2131 1034 2165 relegio
1054 2132 1079 2157 L
1100 2133 1108 2165 ΙΙ
1130 2135 1163 2158 20
1182 2133 1260 2159 nefas
1281 2135 1322 2159 est
1343 2134 1412 2159 ME

161 2164 214 2190 scit
233 2164 306 2190 enim
325 2164 400 2190 LH:
420 2163 486 2197 quia
505 2164 558 2189 seit
578 2164 648 2189 ME
667 2165 675 2197 ss
699 2164 816 2198 palladii
839 2166 993 2198 pollutione
1019 2167 1055 2192 M
1076 2169 1085 2201 11
1108 2168 1244 2201 apalladii
1264 2169 1297 2194 H
1315 2171 1324 2202 Η
1348 2174 1380 2195 22
1401 2171 1437 2195 cul

159 2208 182 2225 v.
204 2202 254 2225 719
279 2200 406 2225 Flumine
430 2199 508 2233 uiuo]
536 2199 652 2232 perenni
678 2200 745 2232 quia,
770 2200 873 2233 iugiter
899 2210 972 2234 aqua,
997 2202 1084 2228 fluens
1110 2204 1176 2229 uiua
1200 2207 1324 2230 uocatur.
1364 2207 1435 2230 Saue

161 2243 229 2268 cape
248 2243 326 2261 sacra,
350 2245 384 2261 m.
406 2245 431 2269 p.
452 2245 477 2268 q.
497 2243 523 2268 p.
563 2235 604 2260 Ne
624 2235 650 2261 b.
671 2243 692 2261 e.
713 2235 732 2261 t.
754 2235 780 2260 d.
805 2238 833 2261 et
859 2237 935 2264 (aed.
960 2247 979 2262 r.
1019 2239 1090 2264 Attr.
1110 2248 1136 2264 n.
1158 2240 1183 2265 d.
1203 2249 1247 2265 me
1272 2240 1297 2266 fl.
1318 2250 1342 2267 u,
1380 2241 1434 2266 Ab-

161 2270 236 2296 luero
256 2279 305 2304 pro
326 2271 446 2297 abluam.
478 2270 549 2296 Viuo
569 2272 662 2296 autem
683 2270 754 2305 sicut
773 2271 878 2297 dictum
899 2274 941 2298 est
960 2282 1067 2306 semper
1087 2274 1182 2300 fluenti
1201 2275 1229 2301 id
1251 2278 1293 2301 est
1315 2277 1436 2301 naturali

160 2307 191 2331 ut
204 2306 242 2367 (y.
261 2315 286 2339 q.
307 2315 327 2332 s.
349 2316 368 2333 s.
391 2309 433 2333 est
451 2307 544 2332 autem
564 2306 698 2339 augurale
718 2307 842 2334 uerbum.
864 2307 886 2332 C
908 2309 917 2340 Π
937 2312 969 2334 25
991 2310 1111 2336 Abluero
1131 2319 1181 2343 pro
1201 2311 1312 2336 abluam
1334 2312 1436 2337 Daniel

160 2342 203 2367 eali
225 2342 245 2367 it

1169 2391 1223 2416 21*

1460 690 1491 712 10

1462 957 1493 979 15

1459 1225 1492 1247 ‘20

1459 1492 1491 1514 25
