<?xml version="1.0" encoding="UTF-8"?>
<!DOCTYPE html PUBLIC "-//W3C//DTD XHTML 1.0 Transitional//EN"
    "http://www.w3.org/TR/xhtml1/DTD/xhtml1-transitional.dtd">
<html xmlns="http://www.w3.org/1999/xhtml" xml:lang="en" lang="en">
 <head>
  <title>
</title>
<meta http-equiv="Content-Type" content="text/html;charset=utf-8" />
  <meta name='ocr-system' content='tesseract 3.04.00' />
  <meta name='ocr-capabilities' content='ocr_page ocr_carea ocr_par ocr_line ocrx_word'/>
</head>
<body>
  <div class='ocr_page' id='page_1' title='image "./serviigrammatici01bons_0037.png"; bbox 0 0 1690 2611; ppageno 0'>
   <div class='ocr_carea' id='block_1_1' title="bbox 620 138 1361 166">
    <p class='ocr_par' dir='ltr' id='par_1_1' title="bbox 620 138 1361 166">
     <span class='ocr_line' id='line_1_1' title="bbox 620 138 1361 166; baseline -0.003 0"><span class='ocrx_word' id='word_1_1' title='bbox 620 138 835 166; x_wconf 85' lang='lat' dir='ltr'><strong>PRAEFATIO.</strong></span> <span class='ocrx_word' id='word_1_2' title='bbox 1246 139 1361 165; x_wconf 79' lang='lat' dir='ltr'>XXXIII</span> 
     </span>
    </p>
   </div>
   <div class='ocr_carea' id='block_1_2' title="bbox 90 221 1379 2239">
    <p class='ocr_par' dir='ltr' id='par_1_2' title="bbox 90 221 1369 1011">
     <span class='ocr_line' id='line_1_2' title="bbox 179 221 1362 264; baseline -0.002 -10"><span class='ocrx_word' id='word_1_3' title='bbox 179 221 315 264; x_wconf 82' lang='lat' dir='ltr'>Singula</span> <span class='ocrx_word' id='word_1_4' title='bbox 340 225 375 254; x_wconf 87' lang='lat' dir='ltr'><strong>ut</strong></span> <span class='ocrx_word' id='word_1_5' title='bbox 399 233 586 264; x_wconf 86' lang='lat' dir='ltr'><strong>persequar,</strong></span> <span class='ocrx_word' id='word_1_6' title='bbox 610 222 648 253; x_wconf 88' lang='lat' dir='ltr'><strong>de</strong></span> <span class='ocrx_word' id='word_1_7' title='bbox 672 221 893 263; x_wconf 75' lang='lat' dir='ltr'><strong>grammaticis</strong></span> <span class='ocrx_word' id='word_1_8' title='bbox 913 221 1008 252; x_wconf 86' lang='lat' dir='ltr'><strong>rebus</strong></span> <span class='ocrx_word' id='word_1_9' title='bbox 1034 233 1134 262; x_wconf 76' lang='lat' dir='ltr'><strong>pauca</strong></span> <span class='ocrx_word' id='word_1_10' title='bbox 1154 221 1362 262; x_wconf 85' lang='lat' dir='ltr'><strong>proferuntur</strong></span> 
     </span>
     <span class='ocr_line' id='line_1_3' title="bbox 90 274 1363 318; baseline -0.002 -10"><span class='ocrx_word' id='word_1_11' title='bbox 90 287 190 318; x_wconf 88' lang='lat' dir='ltr'><strong>eaque</strong></span> <span class='ocrx_word' id='word_1_12' title='bbox 214 279 283 308; x_wconf 80' lang='lat' dir='ltr'><strong>tam</strong></span> <span class='ocrx_word' id='word_1_13' title='bbox 308 277 384 307; x_wconf 90' lang='lat' dir='ltr'><strong>vilia</strong></span> <span class='ocrx_word' id='word_1_14' title='bbox 408 277 539 317; x_wconf 88' lang='lat' dir='ltr'><strong>partim,</strong></span> <span class='ocrx_word' id='word_1_15' title='bbox 563 277 599 306; x_wconf 92' lang='lat' dir='ltr'><strong>ut</strong></span> <span class='ocrx_word' id='word_1_16' title='bbox 623 275 677 316; x_wconf 90' lang='lat' dir='ltr'><strong>qui</strong></span> <span class='ocrx_word' id='word_1_17' title='bbox 701 275 781 306; x_wconf 88' lang='lat' dir='ltr'><strong>talia</strong></span> <span class='ocrx_word' id='word_1_18' title='bbox 805 274 974 305; x_wconf 71' lang='lat' dir='ltr'><strong>tradiderit</strong></span> <span class='ocrx_word' id='word_1_19' title='bbox 1003 286 1074 306; x_wconf 88' lang='lat' dir='ltr'><strong>eum</strong></span> <span class='ocrx_word' id='word_1_20' title='bbox 1104 275 1154 307; x_wconf 86' lang='lat' dir='ltr'><strong>vel</strong></span> <span class='ocrx_word' id='word_1_21' title='bbox 1179 276 1286 316; x_wconf 89' lang='lat' dir='ltr'><strong>pueris</strong></span> <span class='ocrx_word' id='word_1_22' title='bbox 1312 275 1363 305; x_wconf 87' lang='lat' dir='ltr'><strong>vel</strong></span> 
     </span>
     <span class='ocr_line' id='line_1_4' title="bbox 91 328 1363 370; baseline -0.002 -9"><span class='ocrx_word' id='word_1_23' title='bbox 91 330 136 361; x_wconf 88' lang='lat' dir='ltr'><strong>eis</strong></span> <span class='ocrx_word' id='word_1_24' title='bbox 170 330 224 370; x_wconf 92' lang='lat' dir='ltr'><strong>qui</strong></span> <span class='ocrx_word' id='word_1_25' title='bbox 258 330 394 361; x_wconf 83' lang='lat' dir='ltr'><strong>latinam</strong></span> <span class='ocrx_word' id='word_1_26' title='bbox 427 329 572 370; x_wconf 86' lang='lat' dir='ltr'><strong>linguam</strong></span> <span class='ocrx_word' id='word_1_27' title='bbox 605 330 642 359; x_wconf 79' lang='lat' dir='ltr'><strong>ut</strong></span> <span class='ocrx_word' id='word_1_28' title='bbox 673 328 813 358; x_wconf 84' lang='lat' dir='ltr'><strong>alienam</strong></span> <span class='ocrx_word' id='word_1_29' title='bbox 846 328 1004 358; x_wconf 71' lang='lat' dir='ltr'><strong>discerent</strong></span> <span class='ocrx_word' id='word_1_30' title='bbox 1037 328 1189 368; x_wconf 76' lang='lat' dir='ltr'>prodesse</span> <span class='ocrx_word' id='word_1_31' title='bbox 1223 328 1363 359; x_wconf 88' lang='lat' dir='ltr'><strong>voluisse</strong></span> 
     </span>
     <span class='ocr_line' id='line_1_5' title="bbox 90 380 1364 425; baseline -0.002 -11"><span class='ocrx_word' id='word_1_32' title='bbox 90 385 240 424; x_wconf 88' lang='lat' dir='ltr'><strong>putemus</strong></span> <span class='ocrx_word' id='word_1_33' title='bbox 266 381 320 425; x_wconf 83' lang='lat' dir='ltr'><strong>(cf.</strong></span> <span class='ocrx_word' id='word_1_34' title='bbox 345 394 374 423; x_wconf 91' lang='lat' dir='ltr'><strong>p.</strong></span> <span class='ocrx_word' id='word_1_35' title='bbox 397 382 432 423; x_wconf 87' lang='lat'><strong>4,</strong></span> <span class='ocrx_word' id='word_1_36' title='bbox 456 382 489 422; x_wconf 83' lang='lat'><strong>33</strong></span> <span class='ocrx_word' id='word_1_37' title='bbox 516 381 569 421; x_wconf 85' lang='lat'><strong>19,</strong></span> <span class='ocrx_word' id='word_1_38' title='bbox 588 381 644 421; x_wconf 76' lang='lat'><strong>273</strong></span> <span class='ocrx_word' id='word_1_39' title='bbox 673 381 726 421; x_wconf 84' lang='grc'><strong>18,</strong></span> <span class='ocrx_word' id='word_1_40' title='bbox 746 381 802 421; x_wconf 74' lang='lat'><strong>203</strong></span> <span class='ocrx_word' id='word_1_41' title='bbox 828 381 884 421; x_wconf 88' lang='grc'><strong>62,</strong></span> <span class='ocrx_word' id='word_1_42' title='bbox 904 381 959 421; x_wconf 71' lang='grc'><strong>22,</strong></span> <span class='ocrx_word' id='word_1_43' title='bbox 984 381 1062 421; x_wconf 77' lang='grc'>460,</span> <span class='ocrx_word' id='word_1_44' title='bbox 1090 381 1128 412; x_wconf 91' lang='grc'><strong>10</strong></span> <span class='ocrx_word' id='word_1_45' title='bbox 1149 380 1213 422; x_wconf 80' lang='lat' dir='ltr'><strong>aL).</strong></span> <span class='ocrx_word' id='word_1_46' title='bbox 1252 383 1364 412; x_wconf 86' lang='lat' dir='ltr'><strong>contra</strong></span> 
     </span>
     <span class='ocr_line' id='line_1_6' title="bbox 91 434 1365 477; baseline -0.002 -9"><span class='ocrx_word' id='word_1_47' title='bbox 91 448 129 468; x_wconf 89' lang='lat' dir='ltr'><strong>ea</strong></span> <span class='ocrx_word' id='word_1_48' title='bbox 162 437 296 477; x_wconf 89' lang='lat' dir='ltr'><strong>scholia,</strong></span> <span class='ocrx_word' id='word_1_49' title='bbox 329 436 444 477; x_wconf 89' lang='lat' dir='ltr'><strong>quibus</strong></span> <span class='ocrx_word' id='word_1_50' title='bbox 478 435 709 466; x_wconf 86' lang='lat' dir='ltr'><strong>vocabulorum</strong></span> <span class='ocrx_word' id='word_1_51' title='bbox 742 435 790 465; x_wconf 89' lang='lat' dir='ltr'><strong>vis</strong></span> <span class='ocrx_word' id='word_1_52' title='bbox 824 436 857 465; x_wconf 87' lang='lat' dir='ltr'><strong>et</strong></span> <span class='ocrx_word' id='word_1_53' title='bbox 886 445 961 465; x_wconf 89' lang='lat' dir='ltr'><strong>usus</strong></span> <span class='ocrx_word' id='word_1_54' title='bbox 994 434 1200 475; x_wconf 75' lang='lat' dir='ltr'><strong>inlustratur,</strong></span> <span class='ocrx_word' id='word_1_55' title='bbox 1232 446 1304 465; x_wconf 88' lang='lat' dir='ltr'><strong>cum</strong></span> <span class='ocrx_word' id='word_1_56' title='bbox 1334 436 1365 465; x_wconf 90' lang='lat' dir='ltr'><strong>et</strong></span> 
     </span>
     <span class='ocr_line' id='line_1_7' title="bbox 93 486 1364 530; baseline -0.002 -9"><span class='ocrx_word' id='word_1_57' title='bbox 93 490 196 522; x_wconf 88' lang='lat' dir='ltr'><strong>doctis</strong></span> <span class='ocrx_word' id='word_1_58' title='bbox 220 489 499 521; x_wconf 85' lang='lat' dir='ltr'><strong>observationibus</strong></span> <span class='ocrx_word' id='word_1_59' title='bbox 521 491 552 520; x_wconf 90' lang='lat' dir='ltr'><strong>et</strong></span> <span class='ocrx_word' id='word_1_60' title='bbox 571 488 710 530; x_wconf 81' lang='lat' dir='ltr'><strong>egregiis</strong></span> <span class='ocrx_word' id='word_1_61' title='bbox 731 487 884 529; x_wconf 85' lang='lat' dir='ltr'><strong>exemplis</strong></span> <span class='ocrx_word' id='word_1_62' title='bbox 905 487 1081 528; x_wconf 75' lang='lat' dir='ltr'><strong>abundent,</strong></span> <span class='ocrx_word' id='word_1_63' title='bbox 1106 486 1276 519; x_wconf 79' lang='lat' dir='ltr'><strong>Servianas</strong></span> <span class='ocrx_word' id='word_1_64' title='bbox 1298 488 1364 518; x_wconf 90' lang='lat' dir='ltr'><strong>eius</strong></span> 
     </span>
     <span class='ocr_line' id='line_1_8' title="bbox 94 540 1367 585; baseline -0.003 -10"><span class='ocrx_word' id='word_1_65' title='bbox 94 543 220 585; x_wconf 86' lang='lat' dir='ltr'><strong>generis</strong></span> <span class='ocrx_word' id='word_1_66' title='bbox 249 543 472 574; x_wconf 70' lang='lat' dir='ltr'><strong>adnotationes</strong></span> <span class='ocrx_word' id='word_1_67' title='bbox 501 542 661 583; x_wconf 80' lang='lat' dir='ltr'><strong>dignitate</strong></span> <span class='ocrx_word' id='word_1_68' title='bbox 690 542 786 582; x_wconf 87' lang='lat' dir='ltr'><strong>longe</strong></span> <span class='ocrx_word' id='word_1_69' title='bbox 816 543 969 582; x_wconf 86' lang='lat' dir='ltr'><strong>superant</strong></span> <span class='ocrx_word' id='word_1_70' title='bbox 998 540 1050 582; x_wconf 81' lang='lat' dir='ltr'><strong>(cf.</strong></span> <span class='ocrx_word' id='word_1_71' title='bbox 1079 540 1158 572; x_wconf 82' lang='lat' dir='ltr'><strong>Aen.</strong></span> <span class='ocrx_word' id='word_1_72' title='bbox 1186 541 1201 571; x_wconf 90' lang='grc' dir='ltr'><strong>Ι</strong></span> <span class='ocrx_word' id='word_1_73' title='bbox 1231 542 1286 581; x_wconf 70' lang='grc' dir='ltr'><strong>ῡ2,</strong></span> <span class='ocrx_word' id='word_1_74' title='bbox 1315 541 1367 581; x_wconf 74' lang='lat'><strong>55,</strong></span> 
     </span>
     <span class='ocr_line' id='line_1_9' title="bbox 94 594 1367 638; baseline -0.003 -10"><span class='ocrx_word' id='word_1_75' title='bbox 94 597 150 638; x_wconf 79' lang='lat'><strong>56,</strong></span> <span class='ocrx_word' id='word_1_76' title='bbox 175 597 230 637; x_wconf 85' lang='lat'><strong>73,</strong></span> <span class='ocrx_word' id='word_1_77' title='bbox 255 597 309 637; x_wconf 85' lang='lat'><strong>76,</strong></span> <span class='ocrx_word' id='word_1_78' title='bbox 334 597 389 637; x_wconf 82' lang='lat'><strong>87,</strong></span> <span class='ocrx_word' id='word_1_79' title='bbox 413 597 467 637; x_wconf 89' lang='lat'><strong>88,</strong></span> <span class='ocrx_word' id='word_1_80' title='bbox 493 596 534 627; x_wconf 76' lang='lat'><strong>92</strong></span> <span class='ocrx_word' id='word_1_81' title='bbox 552 594 615 637; x_wconf 79' lang='lat' dir='ltr'><strong>aL).</strong></span> <span class='ocrx_word' id='word_1_82' title='bbox 640 606 722 636; x_wconf 85' lang='lat' dir='ltr'><strong>quae</strong></span> <span class='ocrx_word' id='word_1_83' title='bbox 746 597 852 626; x_wconf 83' lang='lat' dir='ltr'><strong>autem</strong></span> <span class='ocrx_word' id='word_1_84' title='bbox 878 605 914 625; x_wconf 90' lang='lat' dir='ltr'><strong>eo</strong></span> <span class='ocrx_word' id='word_1_85' title='bbox 940 594 1076 625; x_wconf 85' lang='lat' dir='ltr'><strong>consilio</strong></span> <span class='ocrx_word' id='word_1_86' title='bbox 1101 594 1264 634; x_wconf 84' lang='lat' dir='ltr'><strong>adscripta</strong></span> <span class='ocrx_word' id='word_1_87' title='bbox 1284 596 1367 634; x_wconf 86' lang='lat' dir='ltr'><strong>sunt,</strong></span> 
     </span>
     <span class='ocr_line' id='line_1_10' title="bbox 96 647 1366 691; baseline -0.003 -10"><span class='ocrx_word' id='word_1_88' title='bbox 96 653 131 681; x_wconf 90' lang='lat' dir='ltr'><strong>ut</strong></span> <span class='ocrx_word' id='word_1_89' title='bbox 155 649 232 691; x_wconf 88' lang='lat' dir='ltr'><strong>quid</strong></span> <span class='ocrx_word' id='word_1_90' title='bbox 256 649 412 681; x_wconf 85' lang='lat' dir='ltr'><strong>voluisset</strong></span> <span class='ocrx_word' id='word_1_91' title='bbox 436 651 545 690; x_wconf 89' lang='lat' dir='ltr'><strong>poeta,</strong></span> <span class='ocrx_word' id='word_1_92' title='bbox 570 660 667 690; x_wconf 87' lang='lat' dir='ltr'><strong>quam</strong></span> <span class='ocrx_word' id='word_1_93' title='bbox 691 648 863 689; x_wconf 84' lang='lat' dir='ltr'><strong>diligenter</strong></span> <span class='ocrx_word' id='word_1_94' title='bbox 883 648 1054 679; x_wconf 89' lang='lat' dir='ltr'><strong>verborum</strong></span> <span class='ocrx_word' id='word_1_95' title='bbox 1075 647 1233 678; x_wconf 81' lang='lat' dir='ltr'><strong>delectum</strong></span> <span class='ocrx_word' id='word_1_96' title='bbox 1258 647 1297 678; x_wconf 85' lang='lat' dir='ltr'><strong>ad</strong></span> <span class='ocrx_word' id='word_1_97' title='bbox 1317 658 1366 678; x_wconf 88' lang='lat' dir='ltr'><strong>res</strong></span> 
     </span>
     <span class='ocr_line' id='line_1_11' title="bbox 96 700 1368 743; baseline -0.002 -9"><span class='ocrx_word' id='word_1_98' title='bbox 96 705 128 734; x_wconf 86' lang='lat' dir='ltr'><strong>et</strong></span> <span class='ocrx_word' id='word_1_99' title='bbox 152 703 328 734; x_wconf 84' lang='lat' dir='ltr'><strong>sententias</strong></span> <span class='ocrx_word' id='word_1_100' title='bbox 354 702 641 743; x_wconf 87' lang='lat' dir='ltr'><strong>accommodasset,</strong></span> <span class='ocrx_word' id='word_1_101' title='bbox 671 713 733 743; x_wconf 85' lang='lat' dir='ltr'><strong>qua</strong></span> <span class='ocrx_word' id='word_1_102' title='bbox 761 702 887 733; x_wconf 90' lang='lat' dir='ltr'><strong>ratione</strong></span> <span class='ocrx_word' id='word_1_103' title='bbox 912 701 1054 733; x_wconf 84' lang='lat' dir='ltr'><strong>carmina</strong></span> <span class='ocrx_word' id='word_1_104' title='bbox 1083 703 1115 732; x_wconf 89' lang='lat' dir='ltr'><strong>et</strong></span> <span class='ocrx_word' id='word_1_105' title='bbox 1140 700 1368 742; x_wconf 80' lang='lat' dir='ltr'><strong>distinguenda</strong></span> 
     </span>
     <span class='ocr_line' id='line_1_12' title="bbox 95 754 1369 797; baseline -0.003 -9"><span class='ocrx_word' id='word_1_106' title='bbox 95 758 128 787; x_wconf 91' lang='lat' dir='ltr'><strong>et</strong></span> <span class='ocrx_word' id='word_1_107' title='bbox 150 756 387 797; x_wconf 84' lang='lat' dir='ltr'><strong>pronuntianda</strong></span> <span class='ocrx_word' id='word_1_108' title='bbox 411 757 517 787; x_wconf 89' lang='lat' dir='ltr'><strong>essent</strong></span> <span class='ocrx_word' id='word_1_109' title='bbox 537 755 717 796; x_wconf 86' lang='lat' dir='ltr'><strong>doceretur,</strong></span> <span class='ocrx_word' id='word_1_110' title='bbox 741 755 819 786; x_wconf 89' lang='lat' dir='ltr'><strong>haec</strong></span> <span class='ocrx_word' id='word_1_111' title='bbox 843 755 954 796; x_wconf 89' lang='lat' dir='ltr'><strong>igitur,</strong></span> <span class='ocrx_word' id='word_1_112' title='bbox 980 754 1040 786; x_wconf 88' lang='lat' dir='ltr'><strong>etsi</strong></span> <span class='ocrx_word' id='word_1_113' title='bbox 1059 754 1265 785; x_wconf 83' lang='lat' dir='ltr'><strong>inveniuntur</strong></span> <span class='ocrx_word' id='word_1_114' title='bbox 1289 765 1369 794; x_wconf 84' lang='lat' dir='ltr'><strong>quae</strong></span> 
     </span>
     <span class='ocr_line' id='line_1_13' title="bbox 95 807 1368 850; baseline -0.003 -9"><span class='ocrx_word' id='word_1_115' title='bbox 95 810 189 841; x_wconf 88' lang='lat' dir='ltr'><strong>nobis</strong></span> <span class='ocrx_word' id='word_1_116' title='bbox 213 810 298 841; x_wconf 89' lang='lat' dir='ltr'><strong>iusto</strong></span> <span class='ocrx_word' id='word_1_117' title='bbox 323 810 527 841; x_wconf 88' lang='lat' dir='ltr'><strong>artificiosius</strong></span> <span class='ocrx_word' id='word_1_118' title='bbox 548 809 731 850; x_wconf 81' lang='lat' dir='ltr'><strong>excogitata</strong></span> <span class='ocrx_word' id='word_1_119' title='bbox 755 811 786 840; x_wconf 87' lang='lat' dir='ltr'><strong>et</strong></span> <span class='ocrx_word' id='word_1_120' title='bbox 812 808 908 849; x_wconf 86' lang='lat' dir='ltr'><strong>longe</strong></span> <span class='ocrx_word' id='word_1_121' title='bbox 932 808 1072 848; x_wconf 84' lang='lat' dir='ltr'><strong>repetita</strong></span> <span class='ocrx_word' id='word_1_122' title='bbox 1096 819 1164 838; x_wconf 89' lang='lat' dir='ltr'><strong>esse</strong></span> <span class='ocrx_word' id='word_1_123' title='bbox 1189 807 1368 847; x_wconf 78' lang='lat' dir='ltr'><strong>videantur,</strong></span> 
     </span>
     <span class='ocr_line' id='line_1_14' title="bbox 96 860 1369 904; baseline -0.003 -9"><span class='ocrx_word' id='word_1_124' title='bbox 96 864 129 894; x_wconf 90' lang='lat' dir='ltr'><strong>in</strong></span> <span class='ocrx_word' id='word_1_125' title='bbox 153 864 337 895; x_wconf 87' lang='lat' dir='ltr'><strong>universum</strong></span> <span class='ocrx_word' id='word_1_126' title='bbox 361 866 469 895; x_wconf 86' lang='lat' dir='ltr'><strong>tamen</strong></span> <span class='ocrx_word' id='word_1_127' title='bbox 495 863 693 904; x_wconf 82' lang='lat' dir='ltr'><strong>simpliciora</strong></span> <span class='ocrx_word' id='word_1_128' title='bbox 717 865 749 893; x_wconf 88' lang='lat' dir='ltr'><strong>et</strong></span> <span class='ocrx_word' id='word_1_129' title='bbox 772 862 877 893; x_wconf 86' lang='lat' dir='ltr'><strong>minus</strong></span> <span class='ocrx_word' id='word_1_130' title='bbox 898 862 1059 893; x_wconf 85' lang='lat' dir='ltr'><strong>adfectata</strong></span> <span class='ocrx_word' id='word_1_131' title='bbox 1080 864 1156 892; x_wconf 89' lang='lat' dir='ltr'><strong>sunt</strong></span> <span class='ocrx_word' id='word_1_132' title='bbox 1181 872 1277 902; x_wconf 81' lang='lat' dir='ltr'><strong>quam</strong></span> <span class='ocrx_word' id='word_1_133' title='bbox 1299 860 1369 891; x_wconf 82' lang='lat' dir='ltr'><strong>Ser-</strong></span> 
     </span>
     <span class='ocr_line' id='line_1_15' title="bbox 96 913 1369 956; baseline -0.002 -9"><span class='ocrx_word' id='word_1_134' title='bbox 96 917 190 948; x_wconf 78' lang='lat' dir='ltr'><strong>viana</strong></span> <span class='ocrx_word' id='word_1_135' title='bbox 214 917 282 948; x_wconf 91' lang='lat' dir='ltr'><strong>eius</strong></span> <span class='ocrx_word' id='word_1_136' title='bbox 306 917 406 956; x_wconf 90' lang='lat' dir='ltr'><strong>modi,</strong></span> <span class='ocrx_word' id='word_1_137' title='bbox 435 919 470 948; x_wconf 87' lang='lat' dir='ltr'><strong>ut</strong></span> <span class='ocrx_word' id='word_1_138' title='bbox 494 916 579 947; x_wconf 86' lang='lat' dir='ltr'><strong>haud</strong></span> <span class='ocrx_word' id='word_1_139' title='bbox 604 917 703 947; x_wconf 88' lang='lat' dir='ltr'><strong>sciam</strong></span> <span class='ocrx_word' id='word_1_140' title='bbox 732 927 772 947; x_wconf 86' lang='lat' dir='ltr'><strong>an</strong></span> <span class='ocrx_word' id='word_1_141' title='bbox 796 926 836 946; x_wconf 89' lang='lat' dir='ltr'><strong>ne</strong></span> <span class='ocrx_word' id='word_1_142' title='bbox 860 915 956 947; x_wconf 86' lang='lat' dir='ltr'><strong>hodie</strong></span> <span class='ocrx_word' id='word_1_143' title='bbox 985 915 1113 956; x_wconf 88' lang='lat' dir='ltr'><strong>quidem</strong></span> <span class='ocrx_word' id='word_1_144' title='bbox 1138 913 1276 955; x_wconf 86' lang='lat' dir='ltr'><strong>Vergilii</strong></span> <span class='ocrx_word' id='word_1_145' title='bbox 1306 925 1369 945; x_wconf 85' lang='lat' dir='ltr'><strong>car-</strong></span> 
     </span>
     <span class='ocr_line' id='line_1_16' title="bbox 98 968 949 1011; baseline -0.002 -10"><span class='ocrx_word' id='word_1_146' title='bbox 98 970 184 1001; x_wconf 88' lang='lat' dir='ltr'><strong>mina</strong></span> <span class='ocrx_word' id='word_1_147' title='bbox 208 971 437 1011; x_wconf 79' lang='lat' dir='ltr'><strong>interpretanti</strong></span> <span class='ocrx_word' id='word_1_148' title='bbox 461 970 591 1006; x_wconf 78' lang='lat' dir='ltr'><strong>omnino</strong></span> <span class='ocrx_word' id='word_1_149' title='bbox 617 969 819 1010; x_wconf 85' lang='lat' dir='ltr'><strong>neglegenda</strong></span> <span class='ocrx_word' id='word_1_150' title='bbox 844 968 949 1009; x_wconf 80' lang='lat' dir='ltr'><strong>sint.¹)</strong></span> 
     </span>
    </p>

    <p class='ocr_par' dir='ltr' id='par_1_3' title="bbox 98 1021 1379 2239">
     <span class='ocr_line' id='line_1_17' title="bbox 185 1021 1370 1065; baseline -0.003 -10"><span class='ocrx_word' id='word_1_151' title='bbox 185 1023 290 1055; x_wconf 88' lang='lat' dir='ltr'><strong>Venio</strong></span> <span class='ocrx_word' id='word_1_152' title='bbox 315 1024 353 1055; x_wconf 89' lang='lat' dir='ltr'><strong>ad</strong></span> <span class='ocrx_word' id='word_1_153' title='bbox 379 1035 416 1055; x_wconf 89' lang='lat' dir='ltr'><strong>ea</strong></span> <span class='ocrx_word' id='word_1_154' title='bbox 434 1023 617 1065; x_wconf 82' lang='lat' dir='ltr'><strong>pleniorum</strong></span> <span class='ocrx_word' id='word_1_155' title='bbox 638 1023 795 1053; x_wconf 89' lang='lat' dir='ltr'><strong>librorum</strong></span> <span class='ocrx_word' id='word_1_156' title='bbox 811 1023 992 1052; x_wconf 86' lang='lat' dir='ltr'><strong>commenta</strong></span> <span class='ocrx_word' id='word_1_157' title='bbox 1012 1032 1093 1061; x_wconf 86' lang='lat' dir='ltr'><strong>quae</strong></span> <span class='ocrx_word' id='word_1_158' title='bbox 1118 1021 1156 1052; x_wconf 88' lang='lat' dir='ltr'><strong>ad</strong></span> <span class='ocrx_word' id='word_1_159' title='bbox 1181 1021 1370 1052; x_wconf 81' lang='lat' dir='ltr'><strong>historicam</strong></span> 
     </span>
     <span class='ocr_line' id='line_1_18' title="bbox 98 1074 1371 1118; baseline -0.002 -10"><span class='ocrx_word' id='word_1_160' title='bbox 98 1088 194 1118; x_wconf 88' lang='lat' dir='ltr'><strong>quam</strong></span> <span class='ocrx_word' id='word_1_161' title='bbox 223 1077 440 1115; x_wconf 80' lang='lat' dir='ltr'><strong>Quintilianus</strong></span> <span class='ocrx_word' id='word_1_162' title='bbox 477 1077 558 1108; x_wconf 75' lang='lat' dir='ltr'><strong>dixit</strong></span> <span class='ocrx_word' id='word_1_163' title='bbox 595 1076 833 1107; x_wconf 85' lang='lat' dir='ltr'><strong>enarrationem</strong></span> <span class='ocrx_word' id='word_1_164' title='bbox 868 1075 1040 1116; x_wconf 87' lang='lat' dir='ltr'><strong>pertinent.</strong></span> <span class='ocrx_word' id='word_1_165' title='bbox 1090 1078 1186 1115; x_wconf 88' lang='lat' dir='ltr'><strong>atque</strong></span> <span class='ocrx_word' id='word_1_166' title='bbox 1223 1086 1242 1105; x_wconf 88' lang='lat' dir='ltr'><strong>a</strong></span> <span class='ocrx_word' id='word_1_167' title='bbox 1270 1074 1371 1115; x_wconf 88' lang='lat' dir='ltr'><strong>philo-</strong></span> 
     </span>
     <span class='ocr_line' id='line_1_19' title="bbox 99 1128 1371 1171; baseline -0.003 -9"><span class='ocrx_word' id='word_1_168' title='bbox 99 1130 212 1171; x_wconf 72' lang='lat' dir='ltr'><strong>sophia</strong></span> <span class='ocrx_word' id='word_1_169' title='bbox 237 1131 463 1162; x_wconf 87' lang='lat' dir='ltr'><strong>abstinuerunt</strong></span> <span class='ocrx_word' id='word_1_170' title='bbox 486 1130 552 1161; x_wconf 87' lang='lat' dir='ltr'><strong>fere</strong></span> <span class='ocrx_word' id='word_1_171' title='bbox 577 1131 768 1171; x_wconf 81' lang='lat' dir='ltr'><strong>interpretes</strong></span> <span class='ocrx_word' id='word_1_172' title='bbox 798 1141 935 1170; x_wconf 86' lang='lat' dir='ltr'><strong>quorum</strong></span> <span class='ocrx_word' id='word_1_173' title='bbox 964 1129 1088 1159; x_wconf 83' lang='lat' dir='ltr'><strong>scholia</strong></span> <span class='ocrx_word' id='word_1_174' title='bbox 1118 1128 1278 1159; x_wconf 82' lang='lat' dir='ltr'><strong>codicibus</strong></span> <span class='ocrx_word' id='word_1_175' title='bbox 1307 1128 1371 1158; x_wconf 87' lang='lat' dir='ltr'><strong>illis</strong></span> 
     </span>
     <span class='ocr_line' id='line_1_20' title="bbox 99 1181 1371 1225; baseline -0.002 -10"><span class='ocrx_word' id='word_1_176' title='bbox 99 1186 227 1215; x_wconf 85' lang='lat' dir='ltr'><strong>servata</strong></span> <span class='ocrx_word' id='word_1_177' title='bbox 251 1186 339 1215; x_wconf 85' lang='lat' dir='ltr'><strong>sunt:</strong></span> <span class='ocrx_word' id='word_1_178' title='bbox 363 1195 558 1225; x_wconf 85' lang='lat' dir='ltr'><strong>quamquam</strong></span> <span class='ocrx_word' id='word_1_179' title='bbox 583 1183 661 1214; x_wconf 86' lang='lat' dir='ltr'><strong>satis</strong></span> <span class='ocrx_word' id='word_1_180' title='bbox 687 1184 795 1224; x_wconf 87' lang='lat' dir='ltr'><strong>ampla</strong></span> <span class='ocrx_word' id='word_1_181' title='bbox 818 1183 876 1214; x_wconf 87' lang='lat' dir='ltr'><strong>illa</strong></span> <span class='ocrx_word' id='word_1_182' title='bbox 901 1183 939 1213; x_wconf 93' lang='lat' dir='ltr'><strong>ad</strong></span> <span class='ocrx_word' id='word_1_183' title='bbox 964 1183 1043 1214; x_wconf 79' lang='lat' dir='ltr'><strong>Aen.</strong></span> <span class='ocrx_word' id='word_1_184' title='bbox 1068 1182 1113 1213; x_wconf 84' lang='lat' dir='ltr'><strong>IV</strong></span> <span class='ocrx_word' id='word_1_185' title='bbox 1140 1182 1203 1213; x_wconf 79' lang='lat'><strong>696</strong></span> <span class='ocrx_word' id='word_1_186' title='bbox 1228 1181 1265 1212; x_wconf 93' lang='lat' dir='ltr'><strong>de</strong></span> <span class='ocrx_word' id='word_1_187' title='bbox 1290 1181 1371 1212; x_wconf 83' lang='lat' dir='ltr'><strong>fato-</strong></span> 
     </span>
     <span class='ocr_line' id='line_1_21' title="bbox 99 1235 1372 1278; baseline -0.002 -10"><span class='ocrx_word' id='word_1_188' title='bbox 99 1248 170 1268; x_wconf 85' lang='lat' dir='ltr'><strong>rum</strong></span> <span class='ocrx_word' id='word_1_189' title='bbox 194 1237 366 1278; x_wconf 86' lang='lat' dir='ltr'><strong>generibus</strong></span> <span class='ocrx_word' id='word_1_190' title='bbox 392 1237 550 1278; x_wconf 81' lang='lat' dir='ltr'><strong>expositio</strong></span> <span class='ocrx_word' id='word_1_191' title='bbox 575 1236 638 1267; x_wconf 85' lang='lat' dir='ltr'><strong>nisi</strong></span> <span class='ocrx_word' id='word_1_192' title='bbox 662 1236 694 1267; x_wconf 91' lang='lat' dir='ltr'><strong>in</strong></span> <span class='ocrx_word' id='word_1_193' title='bbox 711 1235 909 1267; x_wconf 87' lang='lat' dir='ltr'><strong>Floriacensi</strong></span> <span class='ocrx_word' id='word_1_194' title='bbox 935 1238 966 1267; x_wconf 87' lang='lat' dir='ltr'><strong>et</strong></span> <span class='ocrx_word' id='word_1_195' title='bbox 981 1235 1161 1267; x_wconf 87' lang='lat' dir='ltr'><strong>Turonensi</strong></span> <span class='ocrx_word' id='word_1_196' title='bbox 1187 1246 1250 1266; x_wconf 91' lang='lat' dir='ltr'><strong>non</strong></span> <span class='ocrx_word' id='word_1_197' title='bbox 1274 1237 1372 1266; x_wconf 76' lang='lat' dir='ltr'><strong>extat.</strong></span> 
     </span>
     <span class='ocr_line' id='line_1_22' title="bbox 99 1288 1373 1330; baseline -0.002 -9"><span class='ocrx_word' id='word_1_198' title='bbox 99 1290 226 1321; x_wconf 86' lang='lat' dir='ltr'><strong>fabulas</strong></span> <span class='ocrx_word' id='word_1_199' title='bbox 247 1290 278 1321; x_wconf 90' lang='lat' dir='ltr'><strong>in</strong></span> <span class='ocrx_word' id='word_1_200' title='bbox 294 1290 476 1321; x_wconf 88' lang='lat' dir='ltr'><strong>Danielinis</strong></span> <span class='ocrx_word' id='word_1_201' title='bbox 496 1289 587 1320; x_wconf 90' lang='lat' dir='ltr'><strong>libris</strong></span> <span class='ocrx_word' id='word_1_202' title='bbox 604 1300 675 1320; x_wconf 88' lang='lat' dir='ltr'><strong>cum</strong></span> <span class='ocrx_word' id='word_1_203' title='bbox 691 1289 817 1330; x_wconf 86' lang='lat' dir='ltr'><strong>plenius</strong></span> <span class='ocrx_word' id='word_1_204' title='bbox 837 1292 907 1319; x_wconf 89' lang='lat' dir='ltr'><strong>tum</strong></span> <span class='ocrx_word' id='word_1_205' title='bbox 932 1289 1056 1319; x_wconf 86' lang='lat' dir='ltr'><strong>doctius</strong></span> <span class='ocrx_word' id='word_1_206' title='bbox 1082 1290 1247 1319; x_wconf 86' lang='lat' dir='ltr'><strong>enarratas</strong></span> <span class='ocrx_word' id='word_1_207' title='bbox 1264 1288 1373 1327; x_wconf 76' lang='lat' dir='ltr'><strong>habes,</strong></span> 
     </span>
     <span class='ocr_line' id='line_1_23' title="bbox 99 1340 1372 1385; baseline -0.002 -11"><span class='ocrx_word' id='word_1_208' title='bbox 99 1355 196 1385; x_wconf 89' lang='lat' dir='ltr'><strong>quam</strong></span> <span class='ocrx_word' id='word_1_209' title='bbox 221 1344 304 1384; x_wconf 89' lang='lat' dir='ltr'><strong>apud</strong></span> <span class='ocrx_word' id='word_1_210' title='bbox 330 1343 488 1384; x_wconf 78' lang='lat' dir='ltr'><strong>Servium3</strong></span> <span class='ocrx_word' id='word_1_211' title='bbox 518 1343 725 1384; x_wconf 86' lang='lat' dir='ltr'><strong>reperiuntur</strong></span> <span class='ocrx_word' id='word_1_212' title='bbox 750 1343 835 1373; x_wconf 86' lang='lat' dir='ltr'><strong>enim</strong></span> <span class='ocrx_word' id='word_1_213' title='bbox 859 1342 945 1373; x_wconf 86' lang='lat' dir='ltr'><strong>haud</strong></span> <span class='ocrx_word' id='word_1_214' title='bbox 974 1353 1075 1382; x_wconf 84' lang='lat' dir='ltr'><strong>pauca</strong></span> <span class='ocrx_word' id='word_1_215' title='bbox 1099 1353 1179 1383; x_wconf 81' lang='lat' dir='ltr'><strong>quae</strong></span> <span class='ocrx_word' id='word_1_216' title='bbox 1205 1353 1223 1372; x_wconf 83' lang='lat' dir='ltr'><strong>a</strong></span> <span class='ocrx_word' id='word_1_217' title='bbox 1246 1340 1372 1381; x_wconf 86' lang='lat' dir='ltr'><strong>vulgari</strong></span> 
     </span>
     <span class='ocr_line' id='line_1_24' title="bbox 100 1395 1373 1438; baseline -0.002 -10"><span class='ocrx_word' id='word_1_218' title='bbox 100 1397 187 1428; x_wconf 86' lang='lat' dir='ltr'><strong>fama</strong></span> <span class='ocrx_word' id='word_1_219' title='bbox 220 1397 378 1428; x_wconf 86' lang='lat' dir='ltr'><strong>recedant.</strong></span> <span class='ocrx_word' id='word_1_220' title='bbox 425 1407 562 1438; x_wconf 85' lang='lat' dir='ltr'><strong>quorum</strong></span> <span class='ocrx_word' id='word_1_221' title='bbox 591 1395 731 1437; x_wconf 82' lang='lat' dir='ltr'><strong>origines</strong></span> <span class='ocrx_word' id='word_1_222' title='bbox 765 1396 838 1426; x_wconf 86' lang='lat' dir='ltr'><strong>aliis</strong></span> <span class='ocrx_word' id='word_1_223' title='bbox 868 1395 1070 1436; x_wconf 83' lang='lat' dir='ltr'><strong>indagandas</strong></span> <span class='ocrx_word' id='word_1_224' title='bbox 1099 1395 1255 1435; x_wconf 87' lang='lat' dir='ltr'><strong>relinquo.</strong></span> <span class='ocrx_word' id='word_1_225' title='bbox 1298 1405 1373 1425; x_wconf 88' lang='lat' dir='ltr'><strong>nam</strong></span> 
     </span>
     <span class='ocr_line' id='line_1_25' title="bbox 100 1447 1373 1490; baseline -0.002 -9"><span class='ocrx_word' id='word_1_226' title='bbox 100 1453 167 1481; x_wconf 85' lang='lat' dir='ltr'><strong>tam</strong></span> <span class='ocrx_word' id='word_1_227' title='bbox 191 1450 344 1490; x_wconf 86' lang='lat' dir='ltr'><strong>impedita</strong></span> <span class='ocrx_word' id='word_1_228' title='bbox 370 1453 418 1481; x_wconf 89' lang='lat' dir='ltr'><strong>est</strong></span> <span class='ocrx_word' id='word_1_229' title='bbox 441 1452 572 1490; x_wconf 84' lang='lat' dir='ltr'><strong>tamque</strong></span> <span class='ocrx_word' id='word_1_230' title='bbox 598 1449 663 1480; x_wconf 88' lang='lat' dir='ltr'><strong>late</strong></span> <span class='ocrx_word' id='word_1_231' title='bbox 687 1451 777 1489; x_wconf 88' lang='lat' dir='ltr'><strong>patet</strong></span> <span class='ocrx_word' id='word_1_232' title='bbox 802 1460 839 1479; x_wconf 88' lang='lat' dir='ltr'><strong>ea</strong></span> <span class='ocrx_word' id='word_1_233' title='bbox 867 1448 1026 1489; x_wconf 86' lang='lat' dir='ltr'><strong>quaestio,</strong></span> <span class='ocrx_word' id='word_1_234' title='bbox 1058 1451 1094 1479; x_wconf 91' lang='lat' dir='ltr'><strong>ut</strong></span> <span class='ocrx_word' id='word_1_235' title='bbox 1125 1448 1192 1479; x_wconf 88' lang='lat' dir='ltr'><strong>sine</strong></span> <span class='ocrx_word' id='word_1_236' title='bbox 1217 1447 1373 1488; x_wconf 85' lang='lat' dir='ltr'><strong>peculiari</strong></span> 
     </span>
     <span class='ocr_line' id='line_1_26' title="bbox 101 1501 1374 1543; baseline -0.002 -9"><span class='ocrx_word' id='word_1_237' title='bbox 101 1503 207 1534; x_wconf 79' lang='lat' dir='ltr'><strong>studio</strong></span> <span class='ocrx_word' id='word_1_238' title='bbox 232 1514 296 1534; x_wconf 91' lang='lat' dir='ltr'><strong>non</strong></span> <span class='ocrx_word' id='word_1_239' title='bbox 319 1503 423 1543; x_wconf 81' lang='lat' dir='ltr'><strong>possit</strong></span> <span class='ocrx_word' id='word_1_240' title='bbox 443 1502 609 1543; x_wconf 83' lang='lat' dir='ltr'><strong>profligari</strong></span> <span class='ocrx_word' id='word_1_241' title='bbox 634 1504 666 1533; x_wconf 75' lang='lat' dir='ltr'><strong>et</strong></span> <span class='ocrx_word' id='word_1_242' title='bbox 686 1502 724 1533; x_wconf 89' lang='lat' dir='ltr'><strong>ad</strong></span> <span class='ocrx_word' id='word_1_243' title='bbox 746 1502 867 1533; x_wconf 82' lang='lat' dir='ltr'><strong>exitum</strong></span> <span class='ocrx_word' id='word_1_244' title='bbox 883 1501 1021 1542; x_wconf 84' lang='lat' dir='ltr'><strong>perduci.</strong></span> <span class='ocrx_word' id='word_1_245' title='bbox 1065 1501 1186 1532; x_wconf 88' lang='lat' dir='ltr'><strong>fabulis</strong></span> <span class='ocrx_word' id='word_1_246' title='bbox 1207 1503 1374 1542; x_wconf 85' lang='lat' dir='ltr'><strong>tamquam</strong></span> 
     </span>
     <span class='ocr_line' id='line_1_27' title="bbox 101 1554 1375 1597; baseline -0.003 -9"><span class='ocrx_word' id='word_1_247' title='bbox 101 1557 308 1597; x_wconf 83' lang='lat' dir='ltr'><strong>appendicem</strong></span> <span class='ocrx_word' id='word_1_248' title='bbox 320 1556 402 1588; x_wconf 90' lang='lat' dir='ltr'><strong>addo</strong></span> <span class='ocrx_word' id='word_1_249' title='bbox 412 1556 610 1587; x_wconf 86' lang='lat' dir='ltr'><strong>mirabilium</strong></span> <span class='ocrx_word' id='word_1_250' title='bbox 621 1566 729 1586; x_wconf 87' lang='lat' dir='ltr'><strong>rerum</strong></span> <span class='ocrx_word' id='word_1_251' title='bbox 741 1555 981 1596; x_wconf 86' lang='lat' dir='ltr'><strong>descriptiones,</strong></span> <span class='ocrx_word' id='word_1_252' title='bbox 993 1565 1128 1596; x_wconf 81' lang='lat' dir='ltr'><strong>quarum</strong></span> <span class='ocrx_word' id='word_1_253' title='bbox 1140 1554 1219 1585; x_wconf 86' lang='lat' dir='ltr'><strong>haec</strong></span> <span class='ocrx_word' id='word_1_254' title='bbox 1230 1554 1375 1594; x_wconf 79' lang='lat' dir='ltr'><strong>exempla</strong></span> 
     </span>
     <span class='ocr_line' id='line_1_28' title="bbox 102 1606 1375 1650; baseline -0.003 -10"><span class='ocrx_word' id='word_1_255' title='bbox 102 1620 331 1641; x_wconf 86' lang='lat' dir='ltr'><strong>commemoro:</strong></span> <span class='ocrx_word' id='word_1_256' title='bbox 365 1621 393 1650; x_wconf 87' lang='lat' dir='ltr'><strong>p.</strong></span> <span class='ocrx_word' id='word_1_257' title='bbox 425 1610 480 1649; x_wconf 79' lang='grc'><strong>25,</strong></span> <span class='ocrx_word' id='word_1_258' title='bbox 514 1609 546 1649; x_wconf 67' lang='grc'><strong>2,</strong></span> <span class='ocrx_word' id='word_1_259' title='bbox 577 1609 634 1648; x_wconf 83' lang='grc'><strong>49,</strong></span> <span class='ocrx_word' id='word_1_260' title='bbox 668 1609 700 1649; x_wconf 81' lang='lat'><strong>63</strong></span> <span class='ocrx_word' id='word_1_261' title='bbox 734 1608 789 1649; x_wconf 75' lang='lat'><strong>50,</strong></span> <span class='ocrx_word' id='word_1_262' title='bbox 823 1608 856 1648; x_wconf 78' lang='lat'><strong>83</strong></span> <span class='ocrx_word' id='word_1_263' title='bbox 890 1608 968 1647; x_wconf 85' lang='grc'>221,</span> <span class='ocrx_word' id='word_1_264' title='bbox 1001 1608 1035 1648; x_wconf 70' lang='lat'><strong>43</strong></span> <span class='ocrx_word' id='word_1_265' title='bbox 1069 1607 1149 1647; x_wconf 82' lang='lat'><strong>437,</strong></span> <span class='ocrx_word' id='word_1_266' title='bbox 1184 1608 1211 1639; x_wconf 84' lang='grc'><strong>7.</strong></span> <span class='ocrx_word' id='word_1_267' title='bbox 1259 1618 1295 1638; x_wconf 86' lang='lat' dir='ltr'><strong>ex</strong></span> <span class='ocrx_word' id='word_1_268' title='bbox 1329 1606 1375 1637; x_wconf 89' lang='lat' dir='ltr'><strong>hi-</strong></span> 
     </span>
     <span class='ocr_line' id='line_1_29' title="bbox 102 1660 1376 1701; baseline -0.003 -7"><span class='ocrx_word' id='word_1_269' title='bbox 102 1663 211 1694; x_wconf 86' lang='lat' dir='ltr'><strong>storiis</strong></span> <span class='ocrx_word' id='word_1_270' title='bbox 237 1663 429 1694; x_wconf 86' lang='lat' dir='ltr'><strong>scholiastae</strong></span> <span class='ocrx_word' id='word_1_271' title='bbox 458 1661 612 1697; x_wconf 72' lang='lat' dir='ltr'><strong>illi,nihil</strong></span> <span class='ocrx_word' id='word_1_272' title='bbox 642 1661 708 1692; x_wconf 87' lang='lat' dir='ltr'><strong>fere</strong></span> <span class='ocrx_word' id='word_1_273' title='bbox 734 1661 1001 1701; x_wconf 87' lang='lat' dir='ltr'><strong>deprompserunt</strong></span> <span class='ocrx_word' id='word_1_274' title='bbox 1025 1660 1087 1691; x_wconf 88' lang='lat' dir='ltr'><strong>nisi</strong></span> <span class='ocrx_word' id='word_1_275' title='bbox 1117 1660 1201 1701; x_wconf 88' lang='lat' dir='ltr'><strong>quod</strong></span> <span class='ocrx_word' id='word_1_276' title='bbox 1232 1660 1270 1691; x_wconf 92' lang='lat' dir='ltr'><strong>ad</strong></span> <span class='ocrx_word' id='word_1_277' title='bbox 1296 1660 1376 1691; x_wconf 87' lang='lat' dir='ltr'><strong>anti-</strong></span> 
     </span>
     <span class='ocr_line' id='line_1_30' title="bbox 102 1713 1377 1757; baseline -0.003 -10"><span class='ocrx_word' id='word_1_278' title='bbox 102 1716 272 1756; x_wconf 88' lang='lat' dir='ltr'><strong>quissimas</strong></span> <span class='ocrx_word' id='word_1_279' title='bbox 301 1715 473 1757; x_wconf 86' lang='lat' dir='ltr'><strong>Italorum,</strong></span> <span class='ocrx_word' id='word_1_280' title='bbox 505 1715 726 1747; x_wconf 86' lang='lat' dir='ltr'><strong>Romanorum</strong></span> <span class='ocrx_word' id='word_1_281' title='bbox 761 1715 923 1755; x_wconf 87' lang='lat' dir='ltr'><strong>inprimis,</strong></span> <span class='ocrx_word' id='word_1_282' title='bbox 952 1725 1002 1745; x_wconf 88' lang='lat' dir='ltr'><strong>res</strong></span> <span class='ocrx_word' id='word_1_283' title='bbox 1031 1714 1186 1755; x_wconf 88' lang='lat' dir='ltr'><strong>pertinet,</strong></span> <span class='ocrx_word' id='word_1_284' title='bbox 1215 1713 1315 1744; x_wconf 87' lang='lat' dir='ltr'><strong>veluti</strong></span> <span class='ocrx_word' id='word_1_285' title='bbox 1344 1713 1377 1743; x_wconf 91' lang='lat' dir='ltr'><strong>in</strong></span> 
     </span>
     <span class='ocr_line' id='line_1_31' title="bbox 102 1766 1378 1808; baseline -0.002 -8"><span class='ocrx_word' id='word_1_286' title='bbox 102 1769 209 1800; x_wconf 86' lang='lat' dir='ltr'><strong>octavi</strong></span> <span class='ocrx_word' id='word_1_287' title='bbox 233 1769 307 1800; x_wconf 88' lang='lat' dir='ltr'><strong>libri</strong></span> <span class='ocrx_word' id='word_1_288' title='bbox 332 1769 564 1801; x_wconf 86' lang='lat' dir='ltr'><strong>commentario</strong></span> <span class='ocrx_word' id='word_1_289' title='bbox 593 1787 628 1790; x_wconf 89' lang='lat'>—</span> <span class='ocrx_word' id='word_1_290' title='bbox 655 1779 731 1799; x_wconf 84' lang='lat' dir='ltr'><strong>nam</strong></span> <span class='ocrx_word' id='word_1_291' title='bbox 753 1768 883 1808; x_wconf 87' lang='lat' dir='ltr'><strong>septimi</strong></span> <span class='ocrx_word' id='word_1_292' title='bbox 904 1778 1005 1808; x_wconf 88' lang='lat' dir='ltr'><strong>prope</strong></span> <span class='ocrx_word' id='word_1_293' title='bbox 1029 1770 1118 1798; x_wconf 89' lang='lat' dir='ltr'><strong>totus</strong></span> <span class='ocrx_word' id='word_1_294' title='bbox 1138 1766 1309 1799; x_wconf 86' lang='lat' dir='ltr'><strong>Servianus</strong></span> <span class='ocrx_word' id='word_1_295' title='bbox 1330 1768 1378 1798; x_wconf 89' lang='lat' dir='ltr'><strong>est</strong></span> 
     </span>
     <span class='ocr_line' id='line_1_32' title="bbox 104 1820 1376 1863; baseline -0.002 -10"><span class='ocrx_word' id='word_1_296' title='bbox 104 1840 143 1844; x_wconf 45' lang='grc' dir='ltr'><strong>-ψ</strong></span> <span class='ocrx_word' id='word_1_297' title='bbox 168 1833 232 1853; x_wconf 85' lang='grc'><strong>11011</strong></span> <span class='ocrx_word' id='word_1_298' title='bbox 261 1822 353 1853; x_wconf 88' lang='lat' dir='ltr'><strong>nulla</strong></span> <span class='ocrx_word' id='word_1_299' title='bbox 383 1824 459 1853; x_wconf 88' lang='lat' dir='ltr'><strong>sunt</strong></span> <span class='ocrx_word' id='word_1_300' title='bbox 490 1833 569 1863; x_wconf 78' lang='lat' dir='ltr'><strong>quae</strong></span> <span class='ocrx_word' id='word_1_301' title='bbox 602 1833 620 1853; x_wconf 86' lang='lat' dir='ltr'><strong>a</strong></span> <span class='ocrx_word' id='word_1_302' title='bbox 651 1821 752 1852; x_wconf 85' lang='lat' dir='ltr'><strong>doctis</strong></span> <span class='ocrx_word' id='word_1_303' title='bbox 787 1820 972 1852; x_wconf 87' lang='lat' dir='ltr'><strong>auctoribus</strong></span> <span class='ocrx_word' id='word_1_304' title='bbox 1006 1821 1107 1861; x_wconf 87' lang='lat' dir='ltr'><strong>petita</strong></span> <span class='ocrx_word' id='word_1_305' title='bbox 1136 1831 1204 1852; x_wconf 89' lang='lat' dir='ltr'><strong>esse</strong></span> <span class='ocrx_word' id='word_1_306' title='bbox 1235 1823 1376 1861; x_wconf 82' lang='lat' dir='ltr'><strong>apparet.</strong></span> 
     </span>
     <span class='ocr_line' id='line_1_33' title="bbox 103 1874 1377 1917; baseline -0.001 -12"><span class='ocrx_word' id='word_1_307' title='bbox 103 1875 183 1905; x_wconf 84' lang='lat' dir='ltr'><strong>haec</strong></span> <span class='ocrx_word' id='word_1_308' title='bbox 206 1876 276 1916; x_wconf 86' lang='lat' dir='ltr'><strong>ipsa</strong></span> <span class='ocrx_word' id='word_1_309' title='bbox 301 1875 473 1917; x_wconf 86' lang='lat' dir='ltr'><strong>adtingunt</strong></span> <span class='ocrx_word' id='word_1_310' title='bbox 501 1875 580 1906; x_wconf 90' lang='lat' dir='ltr'><strong>illud</strong></span> <span class='ocrx_word' id='word_1_311' title='bbox 605 1874 801 1906; x_wconf 88' lang='lat' dir='ltr'><strong>scholiorum</strong></span> <span class='ocrx_word' id='word_1_312' title='bbox 825 1884 927 1915; x_wconf 85' lang='lat' dir='ltr'><strong>genus</strong></span> <span class='ocrx_word' id='word_1_313' title='bbox 952 1885 1014 1914; x_wconf 86' lang='lat' dir='ltr'><strong>quo</strong></span> <span class='ocrx_word' id='word_1_314' title='bbox 1040 1874 1194 1914; x_wconf 85' lang='lat' dir='ltr'><strong>plenioris</strong></span> <span class='ocrx_word' id='word_1_315' title='bbox 1220 1884 1377 1904; x_wconf 86' lang='lat' dir='ltr'><strong>commen-</strong></span> 
     </span>
     <span class='ocr_line' id='line_1_34' title="bbox 103 1926 1375 1969; baseline -0.002 -10"><span class='ocrx_word' id='word_1_316' title='bbox 103 1928 178 1959; x_wconf 81' lang='lat' dir='ltr'><strong>tarii</strong></span> <span class='ocrx_word' id='word_1_317' title='bbox 202 1928 304 1959; x_wconf 86' lang='lat' dir='ltr'><strong>honos</strong></span> <span class='ocrx_word' id='word_1_318' title='bbox 329 1931 361 1959; x_wconf 89' lang='lat' dir='ltr'><strong>et</strong></span> <span class='ocrx_word' id='word_1_319' title='bbox 385 1928 526 1969; x_wconf 83' lang='lat' dir='ltr'><strong>dignitas</strong></span> <span class='ocrx_word' id='word_1_320' title='bbox 555 1928 692 1958; x_wconf 77' lang='lat' dir='ltr'><strong>maxime</strong></span> <span class='ocrx_word' id='word_1_321' title='bbox 719 1928 913 1967; x_wconf 83' lang='lat' dir='ltr'><strong>continetur,</strong></span> <span class='ocrx_word' id='word_1_322' title='bbox 943 1938 979 1958; x_wconf 87' lang='lat' dir='ltr'><strong>ea</strong></span> <span class='ocrx_word' id='word_1_323' title='bbox 1005 1927 1075 1958; x_wconf 89' lang='lat' dir='ltr'><strong>dico</strong></span> <span class='ocrx_word' id='word_1_324' title='bbox 1109 1927 1230 1958; x_wconf 89' lang='lat' dir='ltr'><strong>scholia</strong></span> <span class='ocrx_word' id='word_1_325' title='bbox 1258 1926 1375 1967; x_wconf 86' lang='lat' dir='ltr'><strong>quibus</strong></span> 
     </span>
     <span class='ocr_line' id='line_1_35' title="bbox 105 1980 1377 2022; baseline -0.001 -11"><span class='ocrx_word' id='word_1_326' title='bbox 105 1981 284 2012; x_wconf 87' lang='lat' dir='ltr'><strong>ostenditur</strong></span> <span class='ocrx_word' id='word_1_327' title='bbox 308 1983 464 2022; x_wconf 87' lang='lat' dir='ltr'><strong>quantum</strong></span> <span class='ocrx_word' id='word_1_328' title='bbox 489 1981 587 2012; x_wconf 87' lang='lat' dir='ltr'><strong>studii</strong></span> <span class='ocrx_word' id='word_1_329' title='bbox 615 1981 648 2011; x_wconf 80' lang='lat' dir='ltr'><strong>in</strong></span> <span class='ocrx_word' id='word_1_330' title='bbox 673 1991 710 2011; x_wconf 87' lang='lat' dir='ltr'><strong>ea</strong></span> <span class='ocrx_word' id='word_1_331' title='bbox 739 1991 772 2011; x_wconf 92' lang='lat' dir='ltr'><strong>re</strong></span> <span class='ocrx_word' id='word_1_332' title='bbox 796 1980 960 2021; x_wconf 88' lang='lat' dir='ltr'><strong>Vergilius</strong></span> <span class='ocrx_word' id='word_1_333' title='bbox 986 1980 1144 2020; x_wconf 87' lang='lat' dir='ltr'><strong>posuerit,</strong></span> <span class='ocrx_word' id='word_1_334' title='bbox 1173 1982 1209 2010; x_wconf 90' lang='lat' dir='ltr'><strong>ut</strong></span> <span class='ocrx_word' id='word_1_335' title='bbox 1239 1980 1377 2010; x_wconf 87' lang='lat' dir='ltr'><strong>carmine</strong></span> 
     </span>
     <span class='ocr_line' id='line_1_36' title="bbox 105 2032 1377 2074; baseline -0.002 -9"><span class='ocrx_word' id='word_1_336' title='bbox 105 2045 162 2065; x_wconf 89' lang='lat' dir='ltr'><strong>suo</strong></span> <span class='ocrx_word' id='word_1_337' title='bbox 188 2044 295 2065; x_wconf 87' lang='lat' dir='ltr'><strong>veram</strong></span> <span class='ocrx_word' id='word_1_338' title='bbox 324 2036 356 2064; x_wconf 88' lang='lat' dir='ltr'><strong>et</strong></span> <span class='ocrx_word' id='word_1_339' title='bbox 384 2034 603 2074; x_wconf 89' lang='lat' dir='ltr'><strong>incorruptam</strong></span> <span class='ocrx_word' id='word_1_340' title='bbox 632 2033 840 2074; x_wconf 84' lang='lat' dir='ltr'><strong>antiquorum</strong></span> <span class='ocrx_word' id='word_1_341' title='bbox 869 2032 981 2073; x_wconf 90' lang='lat' dir='ltr'><strong>populi</strong></span> <span class='ocrx_word' id='word_1_342' title='bbox 1009 2032 1147 2064; x_wconf 80' lang='lat' dir='ltr'><strong>Romani</strong></span> <span class='ocrx_word' id='word_1_343' title='bbox 1177 2044 1303 2064; x_wconf 89' lang='lat' dir='ltr'><strong>morum</strong></span> <span class='ocrx_word' id='word_1_344' title='bbox 1333 2032 1377 2062; x_wconf 89' lang='lat' dir='ltr'><strong>in-</strong></span> 
     </span>
     <span class='ocr_line' id='line_1_37' title="bbox 105 2086 1378 2128; baseline -0.002 -10"><span class='ocrx_word' id='word_1_345' title='bbox 105 2088 356 2128; x_wconf 83' lang='lat' dir='ltr'><strong>stitutorumque</strong></span> <span class='ocrx_word' id='word_1_346' title='bbox 381 2087 569 2117; x_wconf 85' lang='lat' dir='ltr'><strong>memoriam</strong></span> <span class='ocrx_word' id='word_1_347' title='bbox 593 2086 830 2127; x_wconf 89' lang='lat' dir='ltr'><strong>redintegraret</strong></span> <span class='ocrx_word' id='word_1_348' title='bbox 855 2089 951 2127; x_wconf 83' lang='lat' dir='ltr'><strong>atque</strong></span> <span class='ocrx_word' id='word_1_349' title='bbox 976 2086 1008 2116; x_wconf 88' lang='lat' dir='ltr'><strong>in</strong></span> <span class='ocrx_word' id='word_1_350' title='bbox 1034 2087 1080 2116; x_wconf 90' lang='lat' dir='ltr'><strong>eis</strong></span> <span class='ocrx_word' id='word_1_351' title='bbox 1100 2086 1315 2117; x_wconf 85' lang='lat' dir='ltr'><strong>describendis</strong></span> <span class='ocrx_word' id='word_1_352' title='bbox 1339 2096 1378 2115; x_wconf 82' lang='lat' dir='ltr'><strong>ne</strong></span> 
     </span>
     <span class='ocr_line' id='line_1_38' title="bbox 105 2138 1378 2182; baseline -0.002 -10"><span class='ocrx_word' id='word_1_353' title='bbox 105 2141 202 2172; x_wconf 90' lang='lat' dir='ltr'><strong>verbo</strong></span> <span class='ocrx_word' id='word_1_354' title='bbox 227 2140 355 2182; x_wconf 87' lang='lat' dir='ltr'><strong>quidem</strong></span> <span class='ocrx_word' id='word_1_355' title='bbox 380 2142 524 2171; x_wconf 88' lang='lat' dir='ltr'><strong>uteretur</strong></span> <span class='ocrx_word' id='word_1_356' title='bbox 548 2139 633 2180; x_wconf 88' lang='lat' dir='ltr'><strong>quod</strong></span> <span class='ocrx_word' id='word_1_357' title='bbox 657 2139 697 2170; x_wconf 87' lang='lat' dir='ltr'><strong>ab</strong></span> <span class='ocrx_word' id='word_1_358' title='bbox 722 2139 899 2170; x_wconf 82' lang='lat' dir='ltr'><strong>venerabili</strong></span> <span class='ocrx_word' id='word_1_359' title='bbox 927 2139 1086 2170; x_wconf 88' lang='lat' dir='ltr'><strong>maiorum</strong></span> <span class='ocrx_word' id='word_1_360' title='bbox 1113 2139 1281 2179; x_wconf 85' lang='lat' dir='ltr'><strong>disciplina</strong></span> <span class='ocrx_word' id='word_1_361' title='bbox 1305 2138 1378 2168; x_wconf 85' lang='lat' dir='ltr'><strong>alie-</strong></span> 
     </span>
     <span class='ocr_line' id='line_1_39' title="bbox 105 2191 1379 2239; baseline -0.002 -14"><span class='ocrx_word' id='word_1_362' title='bbox 105 2205 183 2225; x_wconf 88' lang='lat' dir='ltr'><strong>num</strong></span> <span class='ocrx_word' id='word_1_363' title='bbox 198 2195 291 2225; x_wconf 89' lang='lat' dir='ltr'><strong>esset.</strong></span> <span class='ocrx_word' id='word_1_364' title='bbox 315 2193 366 2225; x_wconf 90' lang='lat' dir='ltr'><strong>his</strong></span> <span class='ocrx_word' id='word_1_365' title='bbox 388 2192 520 2224; x_wconf 90' lang='lat' dir='ltr'><strong>scholiis</strong></span> <span class='ocrx_word' id='word_1_366' title='bbox 536 2192 574 2223; x_wconf 86' lang='lat' dir='ltr'><strong>ad</strong></span> <span class='ocrx_word' id='word_1_367' title='bbox 591 2192 801 2239; x_wconf 81' lang='lat' dir='ltr'><strong>antiquitates</strong></span> <span class='ocrx_word' id='word_1_368' title='bbox 822 2192 1043 2232; x_wconf 84' lang='lat' dir='ltr'><strong>spectantibus</strong></span> <span class='ocrx_word' id='word_1_369' title='bbox 1062 2192 1261 2233; x_wconf 80' lang='lat' dir='ltr'><strong>praestantia</strong></span> <span class='ocrx_word' id='word_1_370' title='bbox 1277 2191 1303 2222; x_wconf 85' lang='lat' dir='ltr'><strong>si</strong></span> <span class='ocrx_word' id='word_1_371' title='bbox 1314 2201 1379 2221; x_wconf 89' lang='lat' dir='ltr'><strong>non</strong></span> 
     </span>
    </p>
   </div>
   <div class='ocr_carea' id='block_1_3' title="bbox 107 2280 1377 2394">
    <p class='ocr_par' dir='ltr' id='par_1_4' title="bbox 107 2280 1377 2394">
     <span class='ocr_line' id='line_1_40' title="bbox 180 2280 1377 2314; baseline -0.003 -8"><span class='ocrx_word' id='word_1_372' title='bbox 180 2282 204 2314; x_wconf 89' lang='lat'><strong>1)</strong></span> <span class='ocrx_word' id='word_1_373' title='bbox 225 2280 258 2308; x_wconf 84' lang='lat' dir='ltr'><strong>c&#39;f.</strong></span> <span class='ocrx_word' id='word_1_374' title='bbox 278 2290 304 2314; x_wconf 91' lang='lat' dir='ltr'><strong>p.</strong></span> <span class='ocrx_word' id='word_1_375' title='bbox 326 2283 372 2313; x_wconf 85' lang='grc'><strong>61,</strong></span> <span class='ocrx_word' id='word_1_376' title='bbox 393 2284 421 2312; x_wconf 81' lang='lat'><strong>5;</strong></span> <span class='ocrx_word' id='word_1_377' title='bbox 441 2290 467 2314; x_wconf 85' lang='lat' dir='ltr'><strong>p.</strong></span> <span class='ocrx_word' id='word_1_378' title='bbox 488 2282 534 2312; x_wconf 82' lang='lat'><strong>64,</strong></span> <span class='ocrx_word' id='word_1_379' title='bbox 556 2282 588 2305; x_wconf 84' lang='lat'><strong>14</strong></span> <span class='ocrx_word' id='word_1_380' title='bbox 612 2280 641 2305; x_wconf 83' lang='lat' dir='ltr'><strong>et</strong></span> <span class='ocrx_word' id='word_1_381' title='bbox 659 2281 705 2311; x_wconf 75' lang='lat'><strong>203</strong></span> <span class='ocrx_word' id='word_1_382' title='bbox 726 2288 753 2312; x_wconf 88' lang='lat' dir='ltr'><strong>p.</strong></span> <span class='ocrx_word' id='word_1_383' title='bbox 775 2281 820 2311; x_wconf 86' lang='lat'><strong>75,</strong></span> <span class='ocrx_word' id='word_1_384' title='bbox 842 2282 933 2312; x_wconf 76' lang='lat'><strong>1531).</strong></span> <span class='ocrx_word' id='word_1_385' title='bbox 954 2282 1000 2312; x_wconf 86' lang='lat'><strong>79,</strong></span> <span class='ocrx_word' id='word_1_386' title='bbox 1020 2282 1067 2312; x_wconf 75' lang='lat'><strong>21;</strong></span> <span class='ocrx_word' id='word_1_387' title='bbox 1086 2289 1112 2313; x_wconf 87' lang='lat' dir='ltr'><strong>p.</strong></span> <span class='ocrx_word' id='word_1_388' title='bbox 1134 2282 1180 2311; x_wconf 83' lang='lat'><strong>80,</strong></span> <span class='ocrx_word' id='word_1_389' title='bbox 1201 2283 1229 2310; x_wconf 68' lang='lat'><strong>3,</strong></span> <span class='ocrx_word' id='word_1_390' title='bbox 1249 2288 1274 2312; x_wconf 81' lang='lat' dir='ltr'><strong>p.</strong></span> <span class='ocrx_word' id='word_1_391' title='bbox 1296 2281 1342 2309; x_wconf 75' lang='lat'><strong>87,</strong></span> <span class='ocrx_word' id='word_1_392' title='bbox 1363 2281 1377 2303; x_wconf 84' lang='lat'>9</span> 
     </span>
     <span class='ocr_line' id='line_1_41' title="bbox 107 2320 1377 2354; baseline -0.002 -8"><span class='ocrx_word' id='word_1_393' title='bbox 107 2322 135 2346; x_wconf 84' lang='lat' dir='ltr'><strong>et</strong></span> <span class='ocrx_word' id='word_1_394' title='bbox 155 2324 245 2354; x_wconf 76' lang='lat'><strong>1131).</strong></span> <span class='ocrx_word' id='word_1_395' title='bbox 267 2323 329 2352; x_wconf 88' lang='lat'><strong>111,</strong></span> <span class='ocrx_word' id='word_1_396' title='bbox 351 2323 378 2352; x_wconf 76' lang='lat'><strong>63</strong></span> <span class='ocrx_word' id='word_1_397' title='bbox 400 2330 425 2354; x_wconf 88' lang='lat' dir='ltr'><strong>p.</strong></span> <span class='ocrx_word' id='word_1_398' title='bbox 447 2323 510 2351; x_wconf 93' lang='lat'><strong>117,</strong></span> <span class='ocrx_word' id='word_1_399' title='bbox 531 2321 576 2350; x_wconf 73' lang='lat'><strong>213</strong></span> <span class='ocrx_word' id='word_1_400' title='bbox 597 2328 623 2352; x_wconf 85' lang='lat' dir='ltr'><strong>p.</strong></span> <span class='ocrx_word' id='word_1_401' title='bbox 646 2321 708 2352; x_wconf 72' lang='lat'><strong>124,</strong></span> <span class='ocrx_word' id='word_1_402' title='bbox 730 2320 901 2352; x_wconf 73' lang='lat'><strong>1431).22‘2,</strong></span> <span class='ocrx_word' id='word_1_403' title='bbox 922 2322 953 2345; x_wconf 80' lang='lat'><strong>12</strong></span> <span class='ocrx_word' id='word_1_404' title='bbox 970 2321 997 2346; x_wconf 89' lang='lat' dir='ltr'><strong>et</strong></span> <span class='ocrx_word' id='word_1_405' title='bbox 1014 2322 1058 2351; x_wconf 77' lang='lat'><strong>173</strong></span> <span class='ocrx_word' id='word_1_406' title='bbox 1079 2329 1104 2353; x_wconf 85' lang='lat' dir='ltr'><strong>p.</strong></span> <span class='ocrx_word' id='word_1_407' title='bbox 1125 2322 1189 2351; x_wconf 73' lang='lat'><strong>223,</strong></span> <span class='ocrx_word' id='word_1_408' title='bbox 1212 2320 1377 2351; x_wconf 69' lang='lat'><strong>1331&gt;.2·29,</strong></span> 
     </span>
     <span class='ocr_line' id='line_1_42' title="bbox 108 2363 331 2394; baseline 0.004 -9"><span class='ocrx_word' id='word_1_409' title='bbox 108 2363 154 2393; x_wconf 77' lang='lat'><strong>163</strong></span> <span class='ocrx_word' id='word_1_410' title='bbox 173 2369 200 2394; x_wconf 85' lang='lat' dir='ltr'><strong>p.</strong></span> <span class='ocrx_word' id='word_1_411' title='bbox 220 2363 287 2392; x_wconf 76' lang='lat'><strong>230,</strong></span> <span class='ocrx_word' id='word_1_412' title='bbox 308 2363 331 2387; x_wconf 84' lang='grc'><strong>6.</strong></span> 
     </span>
    </p>
   </div>
   <div class='ocr_carea' id='block_1_4' title="bbox 1132 2402 1167 2428">
    <p class='ocr_par' dir='ltr' id='par_1_5' title="bbox 1132 2402 1167 2428">
     <span class='ocr_line' id='line_1_43' title="bbox 1132 2402 1167 2428; baseline 0 -10"><span class='ocrx_word' id='word_1_413' title='bbox 1132 2402 1167 2428; x_wconf 60' lang='lat'><strong>0³⁶</strong></span> 
     </span>
    </p>
   </div>
  </div>
 </body>
</html>
