1690 2611
520 128 632 155 COMM.
652 129 692 155 IN
710 129 816 155 VERG.
835 128 919 156 AEN.
939 129 971 155 V.
994 132 1105 157 12-22.
1386 130 1449 161 591

177 222 293 242 rauca
317 221 473 249 sonanS,
498 211 576 242 item
605 213 641 242 et
668 210 763 252 pede
791 212 933 242 terram
962 212 1095 243 erebra
1126 212 1228 243 ferit.
1274 223 1392 244 nomen
1421 215 1453 244 et

177 264 361 295 adverbium
386 264 573 306 plerumque
602 264 635 295 in
659 275 691 296 se
715 266 896 295 transeunt:
929 275 1045 296 nomen
1074 265 1107 296 in
1137 265 1337 307 adverbium,
1367 266 1452 307 <VII

177 317 261 358 399>
286 319 514 358 torvumque
538 318 694 358 repente
719 317 874 357 elamat,
902 316 934 347 id
960 319 1009 348 est
1032 320 1137 350 torve:
1161 319 1240 350 item
1265 319 1452 351 adverbium

175 371 209 401 in
231 381 365 411 nomen,
389 373 425 402 ut
448 371 531 401 dum
560 382 667 402 mane
695 381 832 402 novum
862 372 992 411 accepta
1021 370 1235 403 declinatione
1259 372 1380 404 factum
1405 375 1453 405 est

175 435 300 456 nomen.
347 424 392 455 sie
420 423 549 455 Persius
578 424 629 465 <V
653 424 715 464 68>
742 424 815 455 iam
849 434 931 455 cras
965 423 1187 456 hesternum
1217 427 1452 467 consumpsi-

175 489 270 518 mus,
295 489 380 509 0000
404 477 508 509 aliud
533 488 625 509 eras.
673 477 726 508 sed
750 488 869 508 nomen
898 487 970 508 011111
995 477 1182 509 adverbium
1207 490 1277 510 esse
1301 480 1451 521 coeperit,

176 532 213 563 fit
240 531 479 572 indeclinabile3
509 530 696 562 adverbium
725 541 797 562 eum
827 542 945 562 nomen
974 525 1043 562 esse
1073 532 1228 573 coeperit,
1258 533 1450 564 declinatur:

175 585 258 616 unde
283 585 329 616 ait
352 584 488 615 Plautus
513 595 532 615 a
555 584 656 615 mani
680 584 725 618 ad
748 595 959 625 vesperum.
988 583 1023 615 ‘a
1047 584 1156 616 mane'
1187 588 1295 617 autem
1319 588 1451 627 propter

174 639 334 681 triptoton
357 649 422 669 non
446 637 541 669 dixit:
566 648 637 669 011111
661 638 746 668 enim
770 638 803 669 in
827 638 968 669 alienum
990 639 1039 669 ius
1059 641 1229 670 transeunt
1252 639 1313 670 hae
1333 642 1451 681 partes,

173 703 239 724 non
263 692 337 732 suis,
362 691 416 723 sed
440 702 548 722 earum
574 691 612 722 ad
638 702 717 732 quas
742 691 941 732 transierint,
961 693 1092 723 utuntur
1111 693 1338 736 potestatib11S‚
1362 693 1450 724 dum-

174 748 265 777 taxat
289 746 322 777 in
346 745 569 776 declinatione.
610 756 686 776 nam
709 747 892 786 temporum
917 745 1077 776 rationem
1102 757 1191 777 suam
1211 748 1390 777 reservant:
1414 749 1450 778 ut

173 799 233 830 hoe
266 799 336 830 1000
370 797 596 838 ‘transvffl-sa',
629 796 699 830 cum
726 799 910 830 adverbium
943 799 997 840 sit,
1031 798 1080 830 ‘a'
1114 802 1223 830 tamen
1251 800 1357 831 brevis
1392 802 1449 840 est,

173 853 247 894 quia
270 852 359 884 venit
382 863 420 882 ex
442 851 586 892 nomine,
614 851 691 883 lieet
714 852 794 883 duae
819 853 1032 883 consonantes
1057 854 1246 893 sequantur:
1275 865 1346 885 cum
1371 854 1448 885 scia-

174 917 243 937 mus
273 905 324 936 ‘a'
352 905 528 936 terminata
562 904 713 936 adverbia
746 905 844 947 longa
877 916 961 946 esse,
993 907 1029 936 ut
1059 906 1155 946 paulo
1188 909 1264 947 post
1292 906 1378 947 <27>
1412 909 1449 938 et

172 960 319 992 frustra
343 970 454 991 cerno
479 961 516 990 te
544 959 700 990 tendere
732 961 873 990 contra.
964 967 1118 990 VESPERE
1148 969 1191 991 AB
1220 969 1311 992 ATRo
1339 960 1371 991 id
1400 963 1449 992 est

172 1014 210 1045 ab
234 1014 379 1045 occidente
402 1012 531 1044 nubibus
561 1012 696 1053 confuso,
725 1012 778 1043 hoc
806 1015 850 1043 est
876 1023 937 1053 quo
966 1012 1140 1044 tendimus:
1172 1024 1230 1045 1100
1261 1014 1346 1045 enim
1380 1014 1449 1046 sine

171 1068 295 1099 ratione
320 1069 393 1108 post
413 1066 659 1108 generalitatem
680 1065 802 1097 addidit
821 1066 969 1107 speeiem.
1007 1067 1133 1107 quidam
1153 1069 1254 1098 autem
1273 1068 1337 1099 rideo
1358 1067 1448 1099 ‘atro’

172 1122 285 1161 diczent,
309 1121 384 1161 quia
407 1120 460 1151 ubi
483 1120 545 1151 dies
568 1122 611 1151 est
633 1120 774 1158 occidens,
798 1122 870 1151 atra
894 1121 999 1151 omnia
1021 1120 1106 1161 facit,
1130 1121 1164 1152 id
1185 1124 1228 1152 est
1250 1123 1373 1153 noctem.

255 1175 307 1205 20.
349 1183 386 1205 IN
411 1182 531 1204 NVBEM
556 1181 707 1204 COGITVR
737 1182 806 1204 AER
834 1173 935 1204 nubes
960 1174 1044 1205 enim
1075 1175 1157 1206 aeris
1187 1174 1329 1206 densitas
1358 1175 1445 1217 facit,

170 1230 206 1259 ut
237 1228 371 1259 denset
401 1229 509 1259 erant
541 1238 635 1268 quae
666 1238 754 1258 rara
784 1227 892 1258 modo
925 1230 961 1258 et
999 1239 1093 1269 quae
1129 1228 1245 1259 densa
1280 1229 1447 1260 relaxat:

170 1282 323 1313 contrario
338 1281 374 1321 <1
389 1281 475 1321 587>
495 1281 633 1312 scindit
650 1291 685 1312 se
703 1281 815 1312 nubes
839 1284 871 1312 et
892 1281 931 1312 in
950 1281 1101 1312 aethera
1114 1284 1255 1322 puryat
1272 1285 1447 1322 apertum·

259 1336 309 1367 21.
347 1348 403 1367 NEC
419 1347 472 1367 ,vos
495 1347 593 1366 OBNITI
609 1347 716 1366 CONTRA
741 1332 822 1366 κατὰ
851 1335 911 1366 τοῦ
941 1331 1057 1366 auton:
1085 1335 1258 1375 sufficiebat
1284 1336 1366 1367 enim
1394 1339 1449 1367 aut

171 1388 297 1430 ‘obm'ti'7
316 1391 372 1420 aut
390 1388 507 1420 ‘contra
522 1387 602 1419 niti’.
670 1397 833 1419 TENDERE
853 1400 912 1429 pro
934 1388 1163 1420 ‘contendere'z
1185 1389 1369 1430 aphaeresis
1390 1393 1447 1421 est.

257 1455 376 1475 mmm!
396 1445 451 1474 aut
473 1445 623 1482 quantum
647 1442 774 1473 adversa
793 1444 950 1482 tempestas
970 1443 1056 1481 valet,
1075 1445 1131 1474 ant
1150 1442 1302 1474 ‘tantum'
1321 1454 1381 1483 pro
1402 1443 1447 1475 ‘in

171 1495 316 1536 iantum'‚
339 1499 374 1527 ut
387 1496 439 1536 <11
456 1496 539 1536 776>
553 1496 642 1536 quid
664 1498 807 1527 tantam
826 1497 958 1528 insano
976 1497 1084 1528 iuvat
1101 1496 1296 1537 indulyere
1314 1497 1446 1529 dolori.
1467 1509 1480 1526 ι

259 1550 310 1580 22.
348 1562 523 1581 srmvcmrs
552 1549 600 1580 hic
629 1550 822 1591 simpliciter,
852 1550 928 1581 alibi
958 1550 1193 1581 subministrare
1221 1550 1387 1591 siqnifi'cat,
1412 1553 1446 1581 ut

169 1602 321 1642 sufficit
342 1613 510 1634 umorem.
601 1611 788 1640 SEQVAMVR
811 1603 976 1634 fortunam
1001 1603 1132 1635 seilicet.

243 1737 256 1760 1
277 1735 306 1760 et
319 1734 401 1769 pede]
422 1743 516 1769 georg.
532 1735 571 1761 III
581 1738 631 1761 499
646 1736 655 1769 ΙΙ
670 1739 686 1761 4
706 1734 771 1761 (111111
791 1736 882 1770 mane]
903 1743 997 1769 georg.
1013 1735 1112 1762 111325
1127 1736 1136 1768 ΙΙ
1150 1738 1166 1762 8
1182 1736 1305 1769 Plautus]
1323 1736 1443 1762 mostell.

168 1770 207 1795 111
226 1772 251 1803 2,
271 1772 304 1796 80
319 1771 328 1803 ΙΙ
342 1773 376 1796 20
395 1771 505 1805 denset]
525 1779 618 1806 georg.
640 1772 650 1796 l
669 1772 744 1804 41911
762 1774 794 1797 27
816 1770 930 1806 sufficit]
950 1779 1045 1805 georg.
1065 1771 1091 1797 ΙΙ
1110 1774 1161 1798 424

242 1897 253 1920 1
275 1903 376 1921 nomen
449 1916 454 1921 .
474 1895 504 1920 in
524 1895 698 1930 aduerbium]
726 1904 827 1922 nomen
851 1895 922 1922 enim
950 1897 978 1922 et
1002 1896 1165 1922 aduerbium
1185 1896 1348 1930 plerumque
1367 1896 1397 1923 in
1417 1905 1446 1923 se

169 1930 339 1956 transferunt
354 1930 384 1956 F
409 1930 522 1957 nomina
541 1931 614 1957 enim
634 1931 796 1957 aduerbium
815 1931 978 1965 plerumque
996 1931 1025 1958 in
1041 1940 1069 1958 se
1084 1932 1254 1958 transferunt
1270 1933 1298 1958 et
1312 1932 1446 1958 aduerbia

168 1974 270 1992 nomen
286 1966 308 1992 C'
319 1966 329 1999 ΙΙ
343 1969 358 1991 2
378 1965 407 1992 in
426 1966 601 2001 adverbium]
621 1967 657 1993 ad
676 1967 839 1993 aduerbium
854 1967 887 1993 N
897 1968 906 2001 fl
921 1970 936 1993 3
955 1969 1120 2001 torvumque
1136 1990 1141 1995 .
1155 1990 1160 1995 .
1173 1989 1178 1994 .
1193 1968 1262 1994 item
1282 1967 1445 1994 adverbium

169 2009 217 2027 om.
238 2001 268 2026 F
293 2002 325 2027 ut
343 2002 508 2035 toruumque
529 2002 564 2028 Ol
582 2004 591 2036 ss
615 2005 630 2028 4
650 2002 678 2028 in
697 2011 797 2029 nomen
816 2011 865 2029 om.
886 2003 919 2028 H
934 2004 942 2037 ΙΙ
965 2002 1081 2037 factum]
1103 2004 1131 2029 et
1149 2003 1255 2030 factum
1275 2002 1304 2029 F
1320 2005 1330 2037 ΙΙ
1354 2006 1369 2029 5
1388 2003 1444 2030 iam

169 2036 239 2071 cras]
259 2046 345 2062 unum
366 2036 389 2063 0
404 2038 412 2071 ΙΙ
436 2037 506 2072 cras]
527 2046 606 2064 ueras
627 2038 656 2063 F
675 2039 683 2072 Ι]
707 2038 877 2073 hesternum]
897 2039 1058 2065 hesternum
1078 2047 1112 2065 en
1131 2039 1161 2065 F
1189 2039 1320 2066 hesterna
1339 2039 1373 2065 H
1397 2039 1444 2065 he-

1200 2090 1278 2104 .2nlus
1296 2091 1299 2103 2

168 2109 290 2134 sternum
309 2108 364 2134 heu
382 2107 486 2135 Daniel
499 2110 508 2142 Η
523 2109 723 2135 consumsimus
743 2109 828 2143 FHu
848 2113 862 2135 7
882 2109 1049 2136 declinabile
1069 2110 1121 2145 ΗΗ
1140 2113 1155 2136 8
1176 2091 1443 2144 am.adquespe1·um

167 2144 200 2169 N
229 2144 490 2177 animaduesperum
510 2144 543 2170 Η
567 2145 575 2178 [Ι
604 2144 690 2179 mani]
717 2153 733 2170 a
752 2147 776 2170 et
794 2145 804 2170 i
822 2146 853 2170 in
872 2153 925 2172 ras.
946 2146 955 2171 l
977 2146 986 2179 Η
1013 2154 1159 2179 uesperam
1181 2146 1204 2172 O
1223 2147 1231 2181 ΙΙ
1259 2155 1275 2172 a
1294 2146 1369 2173 mani
1388 2146 1419 2171 F
1441 2146 1443 2177 ζ

168 2183 182 2205 9
202 2179 340 2213 triptoton
360 2180 471 2213 scripsi:
490 2181 652 2214 tetratopon
671 2180 701 2205 F
726 2181 899 2214 tetraptoton
920 2181 1016 2215 reliqui
1030 2182 1038 2214 ΙΙ
1052 2190 1107 2208 11011
1126 2191 1175 2208 om.
1191 2182 1221 2208 F
1226 2182 1249 2208 C'
1261 2183 1269 2215 ΙΙ
1292 2185 1323 2207 10
1343 2182 1441 2207 harum

169 2214 192 2240 G
210 2216 219 2248 ΙΙ
245 2215 364 2241 transiei·
384 2215 414 2241 F
435 2216 443 2249 1!
474 2219 504 2241 11
524 2215 552 2241 in
572 2215 722 2242 declinatio
742 2216 802 2249 (sic)
821 2216 967 2242 dumtaxat
985 2217 1015 2242 F
1033 2218 1041 2251 ΙΙ
1069 2226 1132 2243 nam
1152 2219 1309 2251 temporum
1330 2225 1441 2243 suorum

167 2250 304 2277 rationem
324 2253 468 2277 reseruant
487 2251 517 2276 F
529 2252 537 2285 [1
558 2253 589 2277 16
610 2251 676 2285 quo]
697 2251 770 2284 quod
791 2251 820 2276 F
832 2252 840 2285 ΙΙ
861 2254 893 2277 18
912 2252 971 2278 dies
991 2254 1031 2278 est
1053 2253 1087 2278 T:
1107 2252 1165 2280 dies
1186 2253 1214 2279 F
1227 2255 1235 2287 ΙΙ
1254 2253 1319 2279 satit
1337 2252 1366 2278 F
1378 2254 1386 2286 ΙΙ
1406 2255 1439 2278 21

168 2285 269 2312 scindis
285 2286 314 2312 F
326 2288 334 2320 ΙΙ
349 2287 443 2313 aetera
457 2287 487 2312 F
499 2288 507 2321 ΙΙ
522 2289 620 2320 parcat
639 2286 668 2312 F
680 2288 688 2321 [Ι
703 2290 735 2313 22
756 2284 820 2312 κατ’
841 2284 929 2313 αὐτοῦ
946 2287 982 2317 F,
1000 2289 1046 2314 sed
1065 2289 1098 2321 cf.
1114 2290 1178 2315 rhet.
1195 2290 1240 2315 lat.
1256 2289 1321 2314 min.
1338 2297 1367 2321 p.
1379 2290 1439 2320 433,

1472 701 1503 723 10

1470 968 1501 991 15

1468 1236 1501 1259 20

167 2324 200 2347 33
216 2322 253 2347 H.
269 2323 277 2356 ΙΙ
296 2325 330 2348 24
350 2323 387 2348 ad
405 2323 515 2348 tantum
534 2330 608 2355 supr.
628 2330 692 2348 vers.
711 2331 760 2356 pro
779 2322 808 2348 in
826 2323 935 2349 tantum
959 2323 983 2348 T
998 2324 1006 2357 ΙΙ
1028 2327 1060 2351 26
1081 2325 1117 2351 ml
1136 2324 1285 2350 sufficimus
1305 2324 1335 2350 in
1354 2332 1438 2358 marq.
1474 2358 1483 2368 ι

167 2356 212 2383 hic
233 2356 396 2391 simpliciter
416 2378 421 2383 .
443 2379 447 2384 .
469 2379 474 2384 .
494 2366 619 2384 umorem
642 2358 685 2393 ΤΙΙ
700 2361 732 2384 27
753 2358 897 2385 humorem
916 2359 946 2385 F
