1690 2611
483 108 596 135 COMM.
617 109 655 134 ΙΝ
674 108 782 135 VERG.
804 108 885 135 AEN.
906 109 925 136 Ι,
946 112 1058 137 53—57.
1366 110 1408 142 35

131 191 228 231 exire,
253 190 357 222 dictus
382 191 475 231 quasi
499 201 589 221 arcer
613 190 653 221 ab
678 189 826 221 arcendo.
865 190 972 221 locum
992 192 1112 231 autem,
1136 191 1169 223 in
1194 202 1256 233 quo
1281 202 1408 224 servan-

129 247 182 275 tur
210 244 312 284 noxii,
342 255 501 275 carcerem
529 244 664 275 dicimus
693 254 826 274 numero
855 245 983 274 tantum
1013 244 1185 286 singulari3
1218 245 1300 276 unde
1331 256 1408 277 vero

129 299 303 338 erumpunt
327 298 515 339 quadrigae,
540 308 682 330 carceres
706 296 841 327 dicimus
865 307 999 328 numero
1023 298 1151 329 tantum
1174 298 1307 340 plurali,
1332 299 1408 330 lieet

128 350 317 391 plerumque
341 353 475 391 usurpet
498 353 607 391 poeta,
635 352 672 381 ut
703 352 752 381 est
779 352 974 390 ruuntque
1003 350 1120 381 effusi
1149 362 1301 383 carcere
1326 363 1407 383 cur-

128 414 202 434 rus.
292 404 351 435 alii
372 404 481 435 vinclis
504 404 633 435 carceris
656 404 795 443 tradunt,
823 405 858 434 ut
884 413 991 442 quam
1017 404 1117 442 ferro
1146 405 1305 435 excisam
1333 416 1406 436 ere·
1427 411 1442 434 5

128 457 273 496 larisque
296 457 517 497 bipennibus
540 457 696 488 instant.

218 510 269 541 55.
311 519 384 541 1LL1
413 518 652 541 1ND1GNANTES
686 509 738 540 hic
767 511 877 550 aperte
906 509 1061 550 ostendit,
1090 510 1166 551 quid
1196 511 1240 542 sit
1268 510 1408 543 ‘luctan-

129 562 205 594 tes'.
295 571 417 594 MAGNO
443 571 513 594 cvm
536 572 708 594 Mvmuviffl
733 571 863 593 MONTIS
886 573 951 593 non
976 563 1096 594 circum
1118 564 1237 595 montis
1258 564 1408 601 claustra,

129 616 184 647 sed
208 627 281 647 cum
303 626 421 657 magno
447 617 567 647 montis
596 627 759 647 murmure
787 616 978 647 fremebant.
1025 619 1057 647 et
1081 619 1130 648 est
1154 617 1258 649 maior
1282 629 1408 649 sensus:

129 669 175 700 sic
196 669 389 710 fremebant,
413 672 449 701 ut
468 669 567 701 etiam
588 672 679 700 antra
698 671 831 710 possent
851 680 974 700 sonare.
1057 682 1115 700 orM
1129 682 1275 702 MVRMVRE
1289 672 1407 710 monins]
1430 677 1461 700 10

128 723 172 753 sic
194 723 273 754 dixit
295 722 451 754 Pacuvius
477 733 642 753 murmur
665 723 795 763 maris,
819 722 893 762 quia
916 725 1017 753 ‘centos
1039 732 1183 753 murmur
1205 725 1353 763 sequitm,
1376 728 1411 756 ut

129 776 192 816 ipse
214 776 290 807 alibi
312 774 448 817 mayno'
464 777 613 807 misceri·
636 786 820 806 ninrmure
841 778 1001 815 pontum.

218 829 269 861 56.
307 842 416 861 omem
428 842 570 861 FREMVNT
590 830 716 868 quidam
740 828 794 859 hoc
818 829 879 859 Ioco
904 828 1070 868 ‘fremont'
1094 830 1128 860 id
1150 832 1193 861 est
1214 831 1346 870 ‘imperia
1366 842 1410 863 re-

129 885 237 913 cusant
267 883 459 923 intellefflint,
491 885 526 913 itt
557 883 642 922 apud
669 881 811 913 Cassium
840 882 873 913 in
901 882 1067 913 annalium
1093 884 1223 914 seeundo
1255 894 1297 915 ne
1328 886 1410 924 quis

128 945 278 976 reginum
301 938 508 977 occuparet,
536 937 568 967 si
587 935 689 975 plebs
712 938 841 966 nostra
863 935 1018 974 fremere
1041 936 1199 975 imperia
1223 938 1409 979 coepisset,
1430 943 1461 966 15

129 989 163 1020 id
184 991 228 1020 est
248 999 393 1020 recusare.
430 990 475 1020 ita
494 992 521 1020 et
537 989 585 1020 hie
604 989 733 1020 ostendit
749 990 850 1019 ventos
869 989 999 1028 imperia
1018 992 1200 1021 recusantes.
1236 1000 1299 1021 non
1317 1002 1406 1022 num-

129 1052 222 1082 quam
246 1042 404 1082 ‘fh‘e‘mere’
427 1043 500 1074 velle
518 1042 684 1083 siynifioat,
708 1044 743 1072 ut
766 1052 869 1072 arma
892 1053 1016 1073 amens
1037 1043 1179 1083 fremit,
1203 1054 1308 1075 arma
1332 1046 1408 1075 toro

130 1096 305 1135 tectisque
331 1097 500 1135 requirit.
592 1104 701 1127 CELSA
725 1104 814 1126 ARCE
845 1095 1019 1127 secundum
1049 1096 1132 1137 quod
1157 1098 1303 1137 superius
1329 1097 1409 1129 dixi-

129 1160 208 1180 mus.
254 1149 342 1180 venti
375 1149 460 1180 enim
493 1149 608 1179 melius
643 1148 923 1188 deprehenduntur
958 1160 996 1180 ex
1029 1149 1104 1181 alto.
1203 1159 1316 1182 SEDET
1345 1162 1409 1182 non

130 1203 263 1242 otiatur,
283 1202 337 1234 sed
353 1204 458 1242 curat3
479 1202 563 1243 apud
584 1202 734 1242 antiquos
756 1202 839 1232 enim
855 1201 976 1233 ‘sedet’
997 1202 1179 1234 considerat,
1194 1204 1407 1245 significabat,
1428 1209 1462 1232 20

130 1257 166 1286 ut
189 1255 252 1286 alio
276 1255 346 1286 loeo
372 1255 418 1286 ait
442 1255 591 1286 Turnus
616 1256 770 1286 sacrata
794 1254 899 1286 valle
923 1255 1092 1287 sedebat.

218 1308 269 1340 57.
307 1317 510 1346 MOLLITQVE
531 1317 661 1340 mimos
686 1308 717 1339 id
738 1310 787 1339 est
806 1310 919 1339 ventos
940 1305 1004 1339 ἀπὸ
1024 1309 1091 1340 τῶν
1111 1307 1260 1351 ἀνέμων,
1284 1313 1321 1342 ut
1340 1312 1409 1352 ipse

131 1361 210 1393 alibi
243 1363 426 1402 quantum
460 1362 571 1403 ignes
606 1362 830 1402 animaeque
864 1362 996 1393 valent
1029 1364 1061 1393 et
1094 1362 1252 1395 Horatius
1287 1364 1410 1405 inpel-

130 1415 216 1446 lunt
240 1414 387 1446 animae
412 1415 534 1446 lintea
554 1414 752 1446 Thraciae.
791 1414 931 1446 ‘mollit'
957 1417 1065 1446 autem
1084 1416 1155 1447 ideo
1175 1416 1269 1458 dixit,
1292 1419 1330 1448 ut
1352 1429 1409 1458 per

202 1533 218 1555 4
237 1528 387 1562 ruuntque]
408 1529 439 1555 A.
460 1528 483 1554 V
502 1529 603 1562 145115
623 1528 719 1562 quam]
741 1528 772 1554 A.
793 1529 817 1554 II
838 1529 912 1562 02711
929 1532 958 1555 11
979 1529 1127 1564 Pacuvius]
1149 1540 1174 1564 p.
1196 1533 1245 1557 133
1265 1531 1346 1558 Ribb.
1367 1531 1408 1558 ed.

132 1566 154 1590 ll
178 1565 187 1598 11
213 1568 243 1590 12
263 1564 377 1598 magno]
403 1565 434 1589 A.
456 1564 467 1589 l
490 1567 537 1589 124
561 1565 570 1597 11
596 1567 627 1589 14
647 1564 721 1597 apud
741 1563 877 1598 Cassium]
903 1564 999 1591 histor.
1020 1565 1097 1591 Rom.
1122 1566 1181 1592 rell.
1201 1575 1254 1592 rec.
1274 1567 1307 1593 H.
1327 1567 1410 1593 Peter

130 1610 156 1634 p.
179 1603 226 1626 103
251 1601 260 1634 11
286 1603 315 1626 17
337 1600 426 1634 arma]
447 1600 479 1626 A.
499 1600 549 1625 VH
571 1602 622 1625 460
643 1600 652 1633 11
677 1602 708 1625 19
729 1610 810 1625 sunm
832 1620 836 1625 .
859 1622 863 1626 .
886 1621 891 1625 .
912 1600 1100 1635 significabat]
1126 1601 1160 1628 cf.
1180 1602 1258 1628 Luct.
1279 1602 1353 1630 Plac.
1374 1603 1409 1629 ad

132 1637 201 1662 stat.
222 1635 308 1696 Tlxireb.
328 1636 340 1661 I
361 1638 409 1661 104
428 1636 437 1669 11
457 1637 487 1660 -21
510 1635 630 1669 Turnus]
652 1636 683 1661 A.
705 1635 741 1660 IX
757 1638 772 1661 4
791 1636 800 1669 11
821 1638 853 1661 23
874 1636 1020 1670 quantum]
1041 1637 1073 1662 A.
1094 1637 1157 1663 VIII
1177 1640 1228 1663 403
1243 1638 1252 1671 11
1266 1637 1408 1672 Horatius]

131 1679 212 1698 carm.
233 1672 245 1697 Ι
292 1674 332 1704 12,
353 1674 368 1696 2

260 1775 272 1788 0

204 1799 216 1821 1
237 1794 312 1821 aresa
331 1795 362 1820 K
382 1796 391 1828 11
415 1798 429 1820 2
450 1802 515 1821 vero
539 1803 587 1821 om.
607 1794 676 1820 KH
695 1796 703 1828 11
728 1798 742 1821 3
767 1796 927 1831 erumpunt]
953 1797 1118 1823 emittun‘nur
1137 1797 1208 1823 BM
1218 1798 1345 1825 Isidorus
1369 1800 1409 1832 (at

132 1832 281 1864 erumpunt
298 1838 430 1863 ευμεν-εον.
449 1831 485 1863 m)
514 1830 539 1856 ei
559 1830 724 1856 emittuntur
744 1831 775 1856 H
794 1832 803 1864 11
826 1831 892 1857 licet
912 1853 917 1858 .
939 1853 944 1858 .
966 1853 970 1858 .
992 1833 1044 1867 est]
1065 1834 1093 1859 et
1111 1833 1275 1867 plerumque
1295 1835 1409 1867 usurpat

132 1868 215 1900 poeta
229 1868 260 1892 ut
274 1865 300 1891 Β
314 1866 323 1898 11
338 1869 352 1891 5
368 1866 463 1899 quam]
480 1874 541 1891 cum
558 1866 623 1891 libri
641 1866 792 1899 Vergliliani
805 1868 814 1900 11
830 1870 843 1893 7
860 1868 897 1893 ad
907 1876 929 1893 zv.
940 1872 972 1893 55
989 1868 1033 1894 Illi
1047 1868 1236 1903 indignantes]
1253 1869 1297 1895 hie
1313 1872 1408 1903 aperte

132 1901 267 1933 ostendit,
286 1901 354 1934 quid
373 1901 410 1926 sih
430 1901 609 1928 ‘luctantes’.
647 1902 750 1935 Magno
770 1910 831 1928 cum
852 1912 991 1929 murmure
1011 1904 1124 1938 montis]
1144 1905 1312 1938 fremebant,
1334 1906 1409 1938 quod

132 1939 230 1963 uentos
249 1945 373 1961 murmur
392 1936 528 1969 sequitur,
547 1944 611 1962 nam
631 1938 659 1962 et
678 1946 801 1963 murmur
819 1938 903 1964 maris
924 1938 1030 1965 dicitur.
1053 1939 1080 1964 P
1098 1940 1107 1973 11
1132 1950 1307 1966 mmsmANTias
1326 1949 1409 1974 usque

132 1974 168 1998 ml
196 1971 314 2005 recipiat
342 1971 528 1997 adiectionem
556 1980 578 1997 v.
604 1975 637 1998 96
666 1973 762 1998 desunt
785 1974 816 1999 in
840 1973 1043 2008 Hamburqeusz:
1067 1976 1145 2001 euius
1169 1977 1239 2001 vices
1266 1977 1409 2002 sustinebit

135 2008 334 2041 Teyernseensis
348 2007 357 2040 11
372 2009 386 2032 8
407 2006 473 2040 non]
494 2015 558 2038 ljfflll
573 2007 598 2032 L
612 2008 620 2040 11
635 2010 650 2032 9
670 2009 699 2033 et
718 2029 723 2034 .
740 2029 744 2034 .
762 2029 766 2034 .
787 2009 943 2035 fremebant
961 2018 1010 2036 om.
1027 2010 1096 2036 ΒΜ
1110 2011 1184 2043 (add.
1202 2013 1237 2043 m)
1252 2012 1261 2044 11
1277 2015 1308 2037 10
1329 2014 1409 2037 antro

132 2043 191 2069 KL
211 2044 302 2075 (antra
321 2043 340 2075 I)
354 2043 363 2075 11
379 2045 410 2067 13
432 2043 467 2068 ad
488 2046 520 2069 56
541 2042 651 2068 Circum
670 2043 802 2078 fremunt]
824 2065 829 2070 .
846 2065 852 2070 .
869 2066 874 2071 .
895 2045 1039 2079 coepisset.
1077 2054 1132 2072 non
1151 2055 1304 2080 numquam
1324 2047 1409 2073 etiam

132 2079 248 2105 fremere
274 2099 279 2104 .
301 2099 306 2104 .
326 2098 331 2104 .
356 2077 457 2103 fremit.
496 2078 574 2104 Celsa
599 2078 672 2111 aree]
696 2079 774 2104 uenti
799 2079 871 2105 enim
896 2101 900 2106 .
922 2102 926 2107 .
948 2102 953 2108 .
980 2083 1071 2113 curat,
1102 2081 1210 2108 ‘sedet'
1237 2083 1310 2108 enim
1335 2083 1409 2116 apud.

132 2115 261 2150 antiquos
283 2134 288 2139 .
305 2135 309 2140 .
328 2135 332 2140 .
353 2113 427 2139 ualle
447 2113 568 2139 sedebat.
592 2113 617 2138 P
629 2114 638 2146 11
653 2113 777 2148 quidam]
798 2114 847 2140 alii
865 2115 890 2140 P
903 2116 911 2149 11
927 2119 960 2141 14
979 2116 1142 2151 intelligunt
1159 2117 1213 2143 hoo
1233 2119 1274 2144 est
1293 2118 1409 2151 imperia

132 2150 261 2176 recusant
281 2149 308 2174 P
324 2149 333 2182 11
352 2148 471 2174 cossium
492 2148 515 2175 G
541 2148 644 2175 casium
666 2149 692 2173 P
705 2149 714 2182 11
733 2149 762 2174 in
781 2150 927 2176 annalibus
950 2151 976 2176 P
997 2152 1006 2184 11
1030 2155 1062 2177 15
1082 2152 1200 2186 imperia
1219 2153 1335 2179 fremere
1358 2154 1383 2178 P

135 2188 166 2211 18
183 2184 333 2211 seeundum
354 2205 359 2210 .
375 2206 380 2210 .
399 2206 404 2211 .
425 2184 544 2209 diximus
560 2192 608 2209 οἰη.
625 2183 651 2208 Β
665 2184 674 2216 11
688 2187 721 2209 ‘20
742 2186 820 2210 curat
838 2187 880 2211 est
899 2186 973 2211 enim
993 2188 1114 2213 curantis
1134 2190 1163 2213 et
1181 2189 1295 2214 sollicifi
1314 2188 1407 2214 sedere

133 2221 207 2254 apud
226 2220 357 2253 antiquos
378 2219 401 2245 Ο
416 2220 425 2253 11
445 2223 475 2245 21
498 2219 553 2245 alio
572 2219 633 2245 loco
653 2220 703 2253 ait]
724 2227 772 2245 om.
793 2220 863 2246 BM
881 2222 924 2247 est
944 2221 992 2255 Ρ11
1007 2224 1113 2248 secreta
1132 2223 1194 2249 ΒΕ
1221 2224 1328 2250 secrata
1348 2224 1383 2249 M
1406 2226 1407 2229 ’

132 2259 166 2281 22
186 2256 222 2282 ad
236 2264 259 2281 v.
271 2258 304 2281 57
320 2255 467 2288 Mollitque
483 2254 601 2288 animos]
622 2254 650 2279 id
669 2256 712 2280 est
730 2256 840 2288 uentos,
859 2257 891 2281 ut
909 2256 968 2290 ipse
990 2258 1135 2290 ‘quantum
1151 2259 1228 2292 ignes
1245 2259 1408 2290 animaeque

133 2291 252 2318 ualent’.
292 2290 414 2316 ‘mollit’
436 2292 529 2316 autem
549 2289 662 2322 mitigat
681 2283 826 2323 signifieat.
845 2292 871 2316 P
883 2292 892 2325 11
907 2292 965 2326 ipse
985 2301 1033 2320 om.
1050 2293 1114 2319 ΒΚ
1126 2295 1135 2327 11
1150 2298 1182 2319 -23
1198 2294 1237 2328 et]
1258 2294 1325 2320 item
1345 2293 1409 2318 ΚΕ

133 2327 173 2359 (et
191 2328 213 2359 e.)
227 2327 236 2360 11
251 2329 284 2352 24
303 2326 372 2352 litea
390 2326 415 2351 L
443 2326 550 2352 linthea
571 2326 606 2351 M
619 2325 628 2358 11
641 2325 745 2352 traciae
764 2325 836 2351 BM
862 2327 984 2354 tharsihe
1004 2329 1030 2354 L
1059 2329 1192 2362 (thraciae
1213 2330 1231 2361 l)

1157 2373 1194 2399 3*
