1690 2611
505 99 618 126 COMM.
637 99 676 126 IN
694 98 802 126 VERG.
822 98 904 125 AEN.
926 99 957 126 ΙΙ.
978 102 1127 126 293—303.
1387 99 1451 130 269

176 181 372 213 Μὶκθνυαυκ
400 192 474 222 quos
499 181 702 222 Tarquinius,
730 180 896 212 Demarati
924 179 1080 212 Corinthii
1105 182 1204 222 filins,
1228 180 1453 213 Samothraciis

176 235 373 275 reliyionibns
396 236 520 276 mystice
542 235 689 275 imbutus,
716 244 778 265 uno
802 234 911 273 templo
939 236 967 265 et
988 234 1043 265 sub
1066 235 1166 265 eodem
1191 237 1262 266 tecto
1285 235 1452 266 coniunxit.

174 288 223 320 his
254 289 374 320 addidit
412 291 440 320 et
470 288 677 327 DIereurinm,
712 297 887 318 sermonmn
923 287 1019 318 deum.
1076 287 1129 318 lios
1168 288 1319 328 Veiyilins
1350 286 1454 325 θεοὺς

175 340 352 383 μεγάλους,
378 345 413 373 ut
440 341 510 382 <HI
533 342 620 382 437>
647 341 809 372 Iunonis
836 350 988 380 magynae
1009 341 1190 380 priimam
1219 339 1322 378 θεοὺς
1352 342 1452 372 δυνα-

121 399 124 401 ’
175 392 264 435 τοὺς,
297 398 332 426 ¹ut
359 395 428 435 <ΙΠ
455 395 541 435 438>
569 395 826 434 dominamque
849 396 1049 433 potentem,·
1085 392 1188 430 θεοὺς
1217 392 1391 435 χρηστοὺς,
1420 398 1453 425 ut

176 448 212 488 <Ι
238 449 322 489 734>
353 451 386 480 et
414 449 507 480 bona
534 447 647 479 Iuno:
677 458 754 487 (stiae
778 449 906 487 propter
935 447 1174 478 admonitionem
1205 447 1277 478 Iocis
1306 449 1372 479 suis
1402 459 1452 479 no-

176 504 240 533 tata
262 505 343 533 sunt.

264 555 338 586 297.
376 567 593 589 AETERNVMQVE
610 566 718 585 Abrrzs
738 566 760 585 E.
776 566 798 585 P.
813 566 830 585 ι.
850 554 931 593 quod
953 554 987 584 in
1007 554 1115 594 templo
1137 553 1241 585 Vestae
1259 554 1341 594 iynis
1360 557 1452 585 aeter-

177 619 236 640 nus
259 611 309 640 est.
355 618 416 639 eece
438 608 501 648 ipse
524 607 663 647 exposuit
685 607 761 646 qnid
782 609 825 638 est
853 607 951 638 Vesta.

264 662 338 693 298.
375 669 525 692 DIVERSO
564 669 718 691 INTEREA
755 660 836 692 haec
873 663 922 691 est
959 661 1219 701 prooeconomia.
1275 661 1321 692 ait
1358 661 1452 701 enim,

177 715 320 746 Aeneam
342 726 408 746 non
431 714 531 746 fuisse
555 715 770 756 proditorem,
803 714 858 745 sed
881 716 1014 755 propter
1043 714 1316 755 longinquitatem
1339 714 1452 745 domus

176 771 208 799 et
231 768 322 799 tarde
346 768 433 799 bella
457 769 660 809 cognovisse,
685 770 717 799 et
740 767 869 798 facilius
895 767 1033 798 evitasse
1058 768 1239 798 discrimen.
1375 762 1378 765 ⁴

264 822 338 853 299.
374 830 479 853 MAGIS
499 830 617 859 ATQVE
638 829 743 852 MAG1s
764 816 936 852 iteratione
957 822 1115 852 sermonis
1135 821 1214 852 facit
1235 824 1454 863 augmentum,

178 886 215 906 ac
239 875 267 906 si
290 875 411 907 diceret
435 874 556 916 ‘magis
582 886 619 906 ac
643 874 748 915 plus':
773 875 828 905 sed
851 876 985 915 propter
1008 877 1148 906 metrum
1171 886 1236 905 non
1260 875 1374 916 potuit.
1409 876 1454 906 sic

177 931 227 960 est
251 930 283 959 et
306 928 340 959 in
365 928 576 959 diminutione
600 930 667 967 †ut
693 930 750 959 est.

267 981 340 1013 300.
377 990 549 1013 ANCHISAE
578 989 698 1012 DOMVS
728 981 807 1011 satis
835 981 988 1021 religiose
1018 981 1098 1012 locis
1127 981 1277 1012 omnibus
1301 982 1455 1022 quamdiu

177 1034 258 1066 vivit
281 1034 454 1075 Anchises,
479 1035 507 1066 ei
531 1034 683 1065 universa
702 1033 861 1074 concedit,
885 1037 922 1065 ut
945 1034 1010 1065 alio
1035 1034 1106 1065 loco
1126 1034 1195 1074 <III
1218 1035 1258 1074 9>
1284 1037 1321 1065 et
1345 1037 1456 1075 pater

176 1087 367 1119 Anchises
393 1088 481 1119 dare
505 1088 600 1118 fatis
630 1087 716 1118 vela
744 1087 914 1118 iubebat.
1004 1096 1272 1125 ARBORIBVSQVE
1296 1096 1456 1119 ossTEcTA

176 1141 246 1172 laus
275 1141 397 1172 domus.
487 1149 653 1172 RECESSIT
683 1151 701 1171 a
729 1140 911 1180 frequentia
941 1151 974 1171 se
1003 1141 1154 1181 removit,
1184 1142 1217 1172 id
1243 1144 1287 1172 cst
1313 1144 1456 1181 sqvarata

175 1194 245 1233 fnit.
279 1196 312 1225 et
335 1196 384 1225 est
400 1194 554 1234 ,speciosa
577 1192 765 1233 translatiO,
789 1193 938 1234 quotiens
963 1194 1010 1224 rei
1034 1194 1166 1225 mobilis
1191 1193 1232 1224 acl
1256 1194 1454 1234 inmobilem,
1476 1203 1482 1213 ⁵

176 1248 225 1278 vel
251 1258 267 1278 e
291 1249 404 1278 contra
426 1246 622 1278 transfertur
646 1246 800 1278 officium.

266 1300 338 1332 301.
375 1309 519 1331 INGRVIT
545 1300 682 1341 invadit,
706 1301 742 1330 ut
767 1299 850 1340 <XII
871 1301 955 1341 628>
980 1301 1133 1342 ingruit
1157 1300 1308 1332 Aeneas
1340 1300 1456 1332 Italis

177 1356 215 1385 et
239 1353 392 1394 proelia
415 1354 562 1385 miscet.

266 1407 339 1438 302.
371 1415 546 1438 EXCVTIOR
567 1415 684 1438 SOMNO
704 1409 740 1437 ut
760 1409 916 1447 appareat
936 1407 1069 1438 terroris
1090 1418 1172 1448 esse,
1192 1418 1258 1439 non
1278 1407 1454 1438 satietatis:

177 1471 251 1492 nam
274 1460 457 1492 elamoribus
484 1463 512 1491 et
537 1461 640 1492 sonitu
668 1460 858 1500 interruptus
886 1463 941 1502 est,
969 1463 1004 1491 nt
1030 1472 1093 1492 non
1116 1462 1179 1501 ipse
1202 1471 1342 1492 somnum
1365 1471 1453 1492 excu-

177 1516 261 1554 teret,
286 1514 338 1545 secl
360 1524 484 1545 somnus
507 1513 606 1545 illum.

266 1567 340 1598 303.
368 1575 538 1598 ARRECTIS
554 1575 702 1598 AVRIBVS
718 1567 891 1598 translatio
908 1568 948 1598 ab
964 1568 1172 1609 animalibus,
1191 1579 1268 1608 qnae
1282 1569 1325 1600 ad
1338 1579 1456 1600 omnem

178 1631 288 1652 sonum
311 1621 433 1661 eriyunt
454 1631 552 1652 aures.

251 1693 264 1715 1
286 1690 443 1716 demarathi
464 1690 486 1716 0
507 1692 515 1723 Ι]
538 1690 678 1717 chorinthi
704 1690 725 1716 0
746 1691 755 1724 ΙΙ
779 1691 961 1716 samotrachis
982 1691 1005 1717 G
1024 1693 1034 1725 ΙΙ
1056 1695 1071 1717 2
1097 1691 1255 1718 conjuncxit
1275 1692 1314 1718 0²
1336 1692 1345 1725 ΙΙ
1370 1695 1385 1718 3
1405 1692 1456 1718 hos

180 1726 326 1759 Scioppius
345 1727 477 1752 enotavit:
496 1726 550 1752 hoe
570 1726 593 1752 0
609 1727 619 1760 ΙΙ
636 1727 718 1760 uergt
738 1726 783 1752 0²:
803 1727 871 1760 negt
891 1726 914 1752 G
930 1727 939 1760 ΙΙ
958 1730 973 1752 4
992 1735 1126 1753 Memaorc
1147 1727 1170 1753 0
1187 1729 1195 1761 ΙΙ
1216 1736 1297 1760 oscor
1318 1728 1340 1753 0
1357 1728 1366 1761 ΙΙ
1385 1731 1400 1754 8
1421 1729 1457 1754 ad

177 1769 202 1788 v.
222 1764 273 1787 297
297 1761 515 1796 Aeternumque]
540 1762 641 1788 Vestae
666 1761 738 1795 ignis
763 1763 892 1788 aeternus
917 1763 970 1794 est;
997 1770 1060 1788 ecee
1086 1762 1146 1796 ipse
1173 1763 1300 1796 exposuit
1323 1763 1390 1796 quid
1415 1765 1457 1789 est

182 1796 271 1822 Vesta.
294 1796 342 1829 ΡΙΙ
355 1806 433 1823 ωττιε
454 1797 497 1830 ΘΗ
517 1800 531 1823 9
551 1797 606 1831 ipsi
627 1797 669 1830 0ss
691 1800 722 1822 10
741 1807 854 1823 mvnnss
876 1797 919 1831 ΟΙΙ
938 1798 990 1823 hoe
1010 1798 1074 1823 LH
1088 1799 1097 1831 ΙΙ
1117 1799 1158 1824 est
1177 1807 1226 1825 om.
1249 1798 1272 1824 0
1289 1799 1363 1832 (add.
1384 1799 1428 1832 0²)
1448 1799 1456 1833 ΙΙ

179 1832 240 1865 agit
260 1831 282 1857 0
303 1832 312 1864 ss
336 1835 367 1857 11
387 1832 558 1865 proditorem
577 1833 685 1866 patriae
704 1833 791 1859 LMe
814 1834 823 1866 ΙΙ
848 1836 879 1858 12
899 1833 1006 1859 tardius
1027 1834 1111 1859 ME!
1131 1835 1141 1867 ss
1163 1834 1273 1860 facilius
1297 1835 1326 1860 in
1346 1842 1400 1860 ras.
1420 1835 1428 1860 I
1449 1841 1456 1866 ³:

182 1870 213 1893 15
234 1867 423 1893 deminutione
445 1868 466 1894 Ο
478 1869 487 1901 n
501 1869 532 1894 ut
551 1871 594 1894 est
613 1868 638 1893 L
657 1871 680 1894 et
700 1869 765 1894 libri
779 1868 952 1900 Burmanni,
972 1877 1021 1895 om.
1044 1869 1111 1901 GE,
1130 1871 1161 1895 ut
1180 1871 1211 1895 ut
1229 1871 1272 1896 est
1291 1870 1323 1895 H
1327 1871 1363 1896 M
1368 1871 1377 1896 l
1396 1870 1456 1902 (mi-

182 1911 232 1928 nus
251 1903 335 1935 atque
354 1903 445 1928 minus
465 1904 529 1930 add.
548 1912 574 1929 m
593 1905 623 1929 in
641 1905 745 1937 mara).
774 1905 889 1936 sortasse
905 1905 1041 1930 intercidit
1056 1906 1124 1931 Aen.
1140 1905 1191 1930 XII
1207 1908 1266 1932 616.
1296 1908 1355 1938 post
1378 1905 1456 1931 dimi-

180 1938 293 1964 nutione
314 1938 376 1964 add.
390 1938 485 1964 >ueluti
504 1938 528 1964 si
547 1939 622 1965 dicas
641 1939 732 1964 minus
752 1941 835 1972 atque
855 1940 946 1965 minus
961 1940 990 1965 E
1017 1940 1106 1966 ueluti
1125 1940 1148 1966 si
1167 1941 1243 1967 dicat
1262 1941 1349 1974 (dicas
1370 1942 1398 1967 et
1417 1941 1456 1974 D)

179 1973 270 1999 minus
294 1974 378 2006 atque
402 1973 492 2000 minus
516 1975 544 2000 et
567 1975 599 2000 ut
621 1983 671 2008 pro
697 1976 847 2007 utcumque
877 1976 940 2001 add.
965 1976 1133 2009 Stephanus,
1157 1976 1321 2008 Fabricius,
1344 1977 1455 2002 Daniel.

179 2009 269 2035 eadem
286 2009 398 2042 praebet
415 2008 445 2034 D
462 2009 527 2035 haee
545 2010 648 2036 addens
666 2010 779 2043 ponitur
796 2012 892 2036 tamen
911 2011 980 2037 alibi
997 2011 1086 2045 magis
1102 2013 1185 2044 atque
1200 2011 1289 2045 magis
1308 2020 1358 2045 pro
1373 2012 1457 2038 uehe-

179 2046 295 2076 menter,
315 2044 388 2070 sicut
407 2044 492 2070 etiam
511 2046 605 2078 (atque
624 2045 709 2071 etiam
729 2046 791 2071 add.
812 2046 987 2079 Fabricius),
1007 2046 1082 2079 quod
1101 2047 1198 2073 crebro
1217 2049 1260 2073 est
1286 2047 1360 2081 apud
1381 2047 1457 2073 Cice-

180 2087 276 2105 ronem
295 2080 407 2106 lectum.
423 2081 431 2113 ΙΙ
448 2083 478 2105 17
499 2080 574 2106 cedit
593 2080 615 2106 0
633 2080 772 2113 (concedit
792 2080 835 2114 0²)
853 2082 863 2114 11
887 2084 917 2107 18
938 2091 1049 2107 omnm-A
1069 2083 1105 2107 M
1118 2083 1127 2115 ΙΙ
1147 2086 1179 2108 19
1199 2082 1308 2117 domus]
1330 2084 1358 2109 et
1376 2091 1456 2117 argu-

179 2117 317 2148 mentum,
345 2115 368 2140 si
393 2124 449 2141 non
475 2115 586 2141 auditus
613 2116 654 2141 est
679 2116 812 2149 strepitus
841 2124 981 2142 annorum
1011 2118 1039 2143 et
1066 2117 1141 2143 urbis
1170 2119 1267 2151 captae
1293 2118 1398 2144 clamor
1422 2119 1456 2144 ab

180 2152 275 2176 Aenea
300 2151 362 2177 add.
383 2151 412 2176 D
435 2152 444 2184 H
467 2153 531 2184 post
557 2151 676 2177 removit
694 2154 746 2177 tres
770 2152 874 2177 litterae
893 2160 985 2178 erasae
1008 2155 1072 2178 sunt
1095 2153 1125 2179 in
1145 2153 1168 2179 0
1188 2155 1197 2186 ss
1221 2157 1254 2179 20
1278 2156 1320 2180 est
1339 2162 1388 2179 om.
1411 2153 1433 2179 Ο
1449 2155 1458 2180 t

180 2194 223 2212 res
242 2186 359 2212 mobiles
381 2185 403 2212 G
421 2187 430 2220 [Ι
450 2189 481 2212 21
508 2187 605 2212 contra
624 2186 649 2211 L
668 2188 693 2219 (e
713 2187 810 2212 contra
833 2187 852 2219 l)
876 2188 885 2220 Ι]
908 2190 941 2213 22
966 2188 1003 2214 ad
1025 2197 1048 2214 v.
1071 2191 1120 2214 301
1142 2188 1310 2216 Clareseunt.
1337 2189 1454 2222 Ingruit]

180 2221 289 2247 inuadit
307 2242 313 2248 .
329 2243 335 2248 .
351 2243 358 2248 .
377 2222 483 2248 miscet.
505 2222 532 2247 P
544 2223 553 2255 ΙΙ
571 2221 690 2256 monvir]
711 2231 807 2247 mcmr
828 2222 865 2247 M
883 2224 891 2255 ΙΙ
910 2223 1015 2257 ingruit
1034 2245 1039 2250 .
1057 2245 1061 2249 .
1080 2244 1085 2249 .
1104 2224 1212 2258 miscet]
1233 2224 1339 2258 ingruit
1355 2232 1456 2250 aeneas

180 2256 256 2283 italis
280 2265 303 2284 e.
318 2266 339 2284 r.
353 2266 380 2291 p.
402 2257 425 2283 C
450 2257 556 2291 ingruit
574 2265 674 2283 aeneas
693 2257 711 2283 i.
732 2261 760 2283 et
778 2266 804 2291 p.
825 2265 847 2283 c.
867 2258 998 2291 LH1127
1019 2260 1055 2285 ad
1073 2268 1096 2285 v.
1117 2262 1168 2285 303
1188 2259 1311 2286 Arrectis
1331 2259 1454 2293 auribus]

180 2292 325 2319 translatio
345 2293 381 2319 ab
400 2293 567 2319 animalibus
587 2293 778 2325 (inimalibus),
798 2301 869 2325 quae
885 2293 920 2319 ad
935 2302 1044 2320 omnem
1060 2303 1158 2321 sonum
1174 2295 1284 2329 erigunt
1299 2303 1387 2320 aures.
1409 2295 1436 2320 P
1448 2303 1456 2328 χλ

181 2327 358 2362 animalibus]
375 2329 407 2354 ut
420 2329 494 2362 apud
510 2328 670 2355 Terentium
690 2328 784 2362 (Andr.
801 2327 826 2354 V
841 2332 866 2362 4,
881 2331 926 2362 30)
948 2329 1049 2364 ‘arrige
1065 2338 1145 2357 aures
1159 2330 1327 2364 Pamphile'.
1344 2330 1406 2356 aad.
1427 2330 1456 2356 D

1475 670 1506 692 10

1479 937 1509 958 15
