1690 2611
499 120 611 148 COMM.
631 121 671 147 IN
691 120 797 148 VERG.
817 122 900 148 AEN.
921 123 940 148 Ι.
962 126 1074 149 ‘el—24.
1381 126 1421 156 21

147 200 250 232 dietae
275 203 350 232 sunt
372 212 488 243 parcae
507 199 589 234 κατὰ
613 199 828 243 ἀντίφρασιν,
852 203 936 244 quod
960 204 1041 235 nulli
1060 207 1209 247 parcant,
1230 206 1313 238 sicut
1331 207 1422 239 lucus

144 265 163 285 a
185 264 252 285 non
274 254 421 296 lucendo,
450 255 572 287 bellum
601 267 620 287 a
646 256 738 287 nulla
767 266 800 287 re
829 256 926 288 bella.
970 259 1098 289 nomina
1120 270 1291 299 parcarum
1315 260 1422 293 Clotho

145 307 290 339 Lachesis
312 307 454 348 Atropos.

231 360 282 391 23.
320 369 356 391 ID
384 353 546 394 ME'bVENs
575 362 621 393 bis
648 362 735 393 idem.
778 363 973 395 archaismos.
1021 374 1095 395 sane
1124 365 1161 395 de
1191 365 1299 397 futuro
1323 367 1422 399 timor

143 415 206 454 est,
231 414 340 445 odium
364 415 402 446 de
425 415 620 456 praeteritis.
657 416 823 447 metuebat
847 427 924 457 ergo
949 416 1158 458 Carthagini,
1182 419 1288 450 odium
1313 423 1420 452 autem

142 466 285 498 habebat
303 469 436 508 propter
455 479 567 499 causas
587 471 764 510 sequentes.
794 472 826 501 et
851 472 899 501 est
921 470 959 501 de
978 472 1115 512 utroque
1136 472 1314 512 exemplum
1335 485 1419 505 con-

142 520 302 551 veniunt
327 521 464 561 quibus
489 523 553 552 aut
578 522 706 553 odium
731 523 884 554 crudele
911 524 1070 564 tyranni
1099 526 1164 555 aut
1187 528 1309 556 metus
1335 538 1420 558 acer

142 575 233 604 erat.
323 582 471 606 VETERIS
499 582 604 606 BELLI
633 578 788 616 quantum
818 576 858 607 ad
886 576 1069 618 Vergilium
1097 578 1251 618 pertinet,
1280 579 1419 620 antiqui;

142 626 170 656 si
194 626 232 657 ad
256 625 411 657 Iunonem
435 627 568 668 referas,
592 628 646 659 diu
673 630 705 660 id
726 632 771 660 est
786 640 846 669 per
868 631 1046 661 decennium
1070 631 1164 671 gesti.
1210 633 1287 662 tunc
1312 634 1418 663 autem

141 679 180 709 ad
212 690 383 719 personam
417 680 618 712 referendum
652 684 713 723 est,
749 693 821 714 cum
854 683 925 723 ipsa
958 683 1115 724 quuitur3
1150 684 1235 725 quod
1269 685 1296 715 si
1328 685 1418 716 nulla

138 742 277 772 persona
305 732 360 773 sit,
389 733 428 764 ad
456 736 587 774 poetam
614 735 761 767 refertur.
811 747 895 767 nune
927 746 1004 777 ergo
1033 736 1183 767 ‘veteris'
1213 748 1251 768 ex
1280 749 1419 778 persona

137 787 253 825 poetae
268 785 530 827 intellegendum.
559 788 603 819 sie
622 788 692 829 ipse
707 789 740 819 in
756 789 820 820 alio
836 789 907 820 loeo
928 790 1119 821 mirantur
1139 790 1237 821 dona
1252 790 1418 832 Aeneae,

138 837 327 869 mirantur
346 838 471 870 Iulum
491 840 784 883 flagrantesque
804 843 864 874 dei
883 843 1015 874 vultus
1034 844 1161 884 partem
1176 843 1216 874 ad
1232 855 1266 874 se
1280 845 1418 885 rettulit,

137 892 263 930 partem
296 891 335 922 ad
368 892 499 933 Tyrios,
533 895 587 935 qui
619 895 712 926 deum
746 906 813 926 eum
847 907 916 927 esse
948 896 1145 927 nesciebant.
1242 906 1417 929 SATVRNIA

139 945 361 976 antonomasia
385 948 446 987 est,
476 957 541 977 non
569 947 750 988 epitheton3
781 960 862 989 quae
891 949 930 979 fit
955 949 1103 990 quotiens
1128 961 1186 990 pro
1210 951 1338 991 proprio
1362 962 1417 983 no-

138 996 223 1028 mine
253 999 384 1038 ponitur
416 999 499 1040 quod
529 1002 638 1040 potest
669 1012 739 1032 esse
764 1012 835 1032 eum
866 1002 995 1043 proprio
1026 1004 1156 1035 nomine
1187 1006 1219 1035 et
1249 1004 1417 1045 epitheton

137 1050 209 1081 diei.
257 1050 440 1083 ‘Saturnia'
470 1055 572 1084 autem
601 1064 710 1085 nomen
740 1056 830 1095 quasi
858 1057 901 1087 ad
913 1057 1135 1090 ,crudelitatem
1164 1060 1270 1097 aptum
1297 1059 1416 1097 posui&

144 1103 294 1143 Vetyilius
326 1106 408 1136 enim
437 1106 616 1146 ubieumqne
645 1107 715 1139 Iove?
743 1109 787 1139 vel
817 1109 935 1140 Izmom’
964 1109 1095 1141 Saturni
1129 1121 1238 1142 nomen
1267 1112 1416 1151 adizmffl't,

137 1167 247 1189 causas
267 1159 310 1189 eis
328 1159 517 1191 crudelitatis
535 1161 680 1199 adnectit,
705 1164 739 1192 <ut
756 1172 819 1192 ozee
838 1162 1043 1194 Saturnius
1066 1164 1151 1195 haec
1174 1165 1291 1195 oeulis
1308 1167 1416 1204 pater

137 1211 272 1250 aspicit
300 1213 435 1252 aequis.
481 1216 508 1244 et
531 1214 607 1245 alibi
636 1225 671 1245 es
698 1226 875 1255 yermana
906 1216 1009 1247 Iovis
1039 1218 1269 1257 Saturnique
1297 1218 1414 1249 altera

131 1264 276 1302 proles:
300 1265 444 1296 irarum
469 1268 591 1298 tantos
613 1267 729 1299 volvis
751 1269 814 1299 snb
832 1271 979 1309 pectore
1000 1270 1148 1308 fluetus.

225 1317 277 1349 24.
315 1327 422 1349 PRIMA
461 1320 551 1360 atqui
585 1319 741 1352 Hercules
779 1322 867 1362 prior
905 1325 1017 1354 eontra
1048 1323 1205 1355 Troianos
1242 1325 1413 1365 pugnavit:

139 1369 219 1401 unde
244 1371 338 1402 modo
364 1371 501 1412 ‘prima'
525 1374 676 1414 princeps
700 1375 884 1415 accipienda
908 1378 965 1406 est.
1011 1387 1086 1407 nam
1106 1379 1202 1417 poeta
1225 1378 1413 1419 plerumque

137 1423 409 1464 significationem
432 1427 600 1457 nominum
624 1427 678 1458 dat
702 1428 898 1468 participiis,
922 1429 972 1460 vel
1002 1432 1128 1469 contra,
1156 1432 1192 1461 ut
1221 1431 1413 1462 volventi-

136 1476 205 1507 bus
230 1477 354 1518 annis,
378 1478 541 1518 significat
566 1480 650 1511 enim
675 1480 882 1512 volubilibus.
920 1482 980 1513 hac
1004 1483 1135 1514 lieentia
1159 1486 1192 1514 et
1215 1484 1249 1514 in
1273 1484 1334 1515 hoe
1358 1495 1411 1515 no—
1432 1492 1446 1511 *—

213 1593 225 1616 1
247 1590 338 1617 dictae
359 1612 364 1617 .
381 1612 386 1616 .
403 1613 407 1618 .
428 1593 557 1627 pareant]
579 1601 663 1620 exscr.
684 1594 747 1620 Isid.
768 1595 836 1628 orig.
857 1595 920 1620 VIII
943 1599 983 1627 11,
1003 1599 1044 1622 93.
1065 1597 1205 1631 mythogr.
1226 1598 1237 1622 I
1259 1600 1308 1623 110
1328 1598 1357 1623 et
1374 1598 1412 1623 III

137 1629 161 1657 6,
181 1629 214 1651 23
239 1627 248 1659 ΙΙ
272 1630 287 1652 6
307 1627 486 1661 conveniunt]
507 1629 538 1654 A.
559 1629 570 1653 l
595 1632 643 1654 361
670 1630 679 1662 11
704 1632 735 1655 12
760 1629 907 1664 mirantur]
927 1631 959 1656 A.
980 1632 990 1656 I
1016 1634 1066 1657 709
1090 1634 1099 1665 11
1125 1636 1155 1658 19
1179 1641 1230 1658 nee
1255 1633 1410 1667 Saturnius]

137 1661 168 1687 A.
189 1661 227 1687 IV
246 1664 296 1688 372
321 1663 330 1696 11
354 1665 387 1688 20
407 1671 435 1689 es
455 1664 599 1698 germana]
620 1664 651 1691 A.
672 1665 723 1690 XII
743 1668 794 1691 830
817 1667 826 1698 11
850 1669 883 1691 24
903 1666 1091 1701 volventibus]
1111 1669 1144 1694 A.
1165 1668 1176 1693 I
1197 1671 1248 1694 ‘234

209 1771 222 1794 1
248 1777 348 1801 parcae
371 1777 419 1795 om.
444 1770 553 1796 BKM
571 1772 580 1804 11
603 1780 653 1804 per
676 1771 823 1798 antifrasin
845 1772 976 1799 BMOssl
1004 1773 1173 1800 catanfrasin
1196 1775 1229 1800 K
1254 1776 1318 1801 eata
1341 1775 1411 1801 anti-

136 1803 222 1829 frasin
243 1804 332 1830 CLH
351 1806 360 1838 11
384 1808 400 1830 4
419 1806 456 1831 acl
474 1814 497 1832 v.
520 1809 551 1832 23
572 1806 603 1832 ld
622 1807 760 1841 metuens]
782 1807 824 1833 bis
843 1807 924 1834 idem.
961 1809 1138 1835 archaismos.
1174 1818 1238 1836 sane
1265 1810 1298 1836 de
1318 1810 1410 1836 futuro

137 1839 222 1864 timor
241 1840 294 1872 est,
315 1839 437 1866 studium
456 1841 489 1867 de
513 1842 680 1874 praeteritis.
714 1843 857 1869 metuebat
876 1843 1046 1878 Carthagini.
1085 1845 1225 1879 Saturnia]
1250 1847 1410 1872 antonoma-

138 1873 179 1899 sia
203 1875 245 1900 est
273 1895 278 1899 .
295 1896 321 1901 ,.
350 1876 493 1908 epitheton
521 1876 583 1903 dici.
612 1878 639 1902 P
660 1879 669 1911 11
691 1878 734 1904 bis
759 1878 841 1904 idem.
871 1879 1040 1905 archaismos
1067 1889 1132 1906 sane
1158 1882 1293 1914 explanant
1319 1882 1356 1907 0³
1382 1884 1412 1907 ut

136 1909 251 1935 videtur.
288 1909 331 1935 bis
355 1911 429 1936 idem
453 1913 540 1937 'neseio
565 1921 602 1938 cm
626 1914 662 1939 acl
680 1921 703 1939 v.
724 1917 756 1939 25
777 1917 826 1940 aut
844 1922 867 1940 v.
889 1917 934 1947 27,
959 1915 1131 1942 archaismos
1157 1917 1194 1942 ad
1219 1916 1325 1942 excidio
1347 1925 1409 1949 per-

136 1945 222 1970 tineat
245 1946 254 1978 11
277 1945 406 1980 METVENS]
430 1946 532 1973 timens
556 1949 617 1974 add.
638 1949 664 1973 B
692 1948 721 1974 id.
744 1949 846 1975 timens
870 1950 932 1975 add.
957 1950 990 1975 H
995 1951 1028 1976 M
1037 1950 1103 1984 C³q³
1132 1951 1185 1977 hoe
1209 1953 1251 1978 est
1273 1952 1410 1978 excidium

137 1980 313 2013 Carthaginis
332 1989 400 2013 quae
416 1982 569 2009 Man-icius
586 1984 693 2015 primus
708 1987 770 2016 post
788 1985 889 2011 timens
903 1985 1019 2012 inseruit
1037 1987 1125 2012 neseio
1140 1987 1212 2013 unde
1229 1988 1315 2020 petita
1329 1988 1384 2013 sint

137 2015 171 2041 de
190 2015 282 2041 futuro
302 2015 372 2041 KG:
391 2016 425 2042 (Ie
439 2017 532 2043 futuro
548 2018 620 2043 enim
635 2019 844 2053 BLHMCflqa
859 2022 868 2054 11
881 2020 966 2047 timor
984 2024 1025 2047 est
1043 2022 1150 2056 odium]
1170 2023 1269 2048 timore
1289 2022 1410 2049 studium

138 2050 161 2076 G
177 2052 256 2083 (corr.
279 2051 317 2077 (1³
336 2054 366 2077 ut
384 2053 500 2084 ridetur)
523 2054 532 2085 11
555 2053 640 2079 timor
658 2054 711 2088 est]
731 2055 861 2081 timorem
876 2056 899 2080 L
921 2056 949 2089 (s.
969 2057 1068 2083 habuit
1086 2066 1218 2090 superser.
1234 2058 1252 2085 l>
1276 2059 1285 2090 ΙΙ
1309 2061 1323 2084 9
1343 2059 1410 2083 tune

135 2086 241 2120 autem]
261 2087 328 2112 tune
348 2087 379 2112 K
396 2095 461 2113 sane
480 2089 546 2114 tunc
567 2088 589 2114 C
604 2090 614 2122 11
635 2093 664 2115 11
685 2090 762 2124 ergo]
784 2099 849 2117 uero
869 2091 894 2116 L
913 2092 921 2124 11
942 2095 972 2117 12
993 2092 1126 2126 intellege
1143 2093 1175 2118 K
1190 2093 1409 2126 intellegendum

105 2126 108 2128 ’
136 2122 179 2146 est
196 2121 268 2147 LC³
281 2122 290 2154 11
307 2125 338 2147 13
358 2122 460 2155 partim
480 2125 504 2148 et
524 2126 555 2149 14
576 2125 684 2158 partym
705 2125 729 2150 L
744 2127 752 2158 11
769 2129 799 2151 17
825 2126 1018 2153 credulitatem
1039 2127 1081 2161 011
1098 2130 1128 2154 18
1153 2128 1263 2154 iunonis
1284 2129 1306 2154 C
1324 2129 1378 2159 (secl
1397 2137 1409 2153 s

136 2158 224 2189 erasa)
248 2158 257 2190 11
281 2160 313 2182 22
338 2159 375 2183 ad
394 2161 427 2183 24
453 2158 557 2192 Prima]
582 2160 660 2192 atqui
680 2180 685 2185 .
703 2181 707 2186 .
725 2181 730 2186 .
750 2161 911 2194 accipienda
935 2163 983 2188 est.
1021 2163 1070 2188 alii
1091 2163 1211 2197 ‘prima’
1238 2163 1408 2197 simpliciter,

987 2212 1006 2225 Sl
1180 2226 1184 2228 .

134 2228 233 2260 postea
259 2227 332 2253 enim
358 2228 407 2254 alii
431 2228 471 2253 dii
494 2228 627 2255 interesse
652 2232 814 2263 coepenunm
840 2231 889 2257 alii
915 2231 967 2257 dea
986 2231 1056 2265 qtes
1080 2232 1140 2266 (alii
1163 2234 1196 2260 (Ie
1216 2242 1288 2267 aqua
1307 2234 1409 2259 Daniel

136 2262 262 2296 aliaeque
287 2263 355 2288 deae
379 2263 512 2289 Heinsius
534 2264 698 2290 Burmanno
722 2267 802 2296 teste.)
839 2266 950 2300 proprie
978 2267 1098 2301 ‘prima’
1123 2269 1195 2295 inter
1218 2269 1330 2302 primos
1373 2268 1407 2294 ad

135 2297 259 2332 Troiam]
285 2298 320 2323 ad
344 2300 372 2324 et
395 2299 469 2332 apud
569 2300 644 2326 Iuno.
683 2299 760 2326 Caris
779 2301 873 2335 Argis]
900 2302 959 2328 illie
982 2303 1056 2329 enim
1155 2313 1210 2330 non
1234 2306 1329 2337 Argos.
1356 2303 1382 2328 P

136 2335 168 2358 23
188 2333 378 2367 accipiendum
397 2334 526 2361 BMC³l

1441 427 1455 450 5

1440 692 1471 715 10

1438 958 1470 980 15

1435 1224 1468 1245 ‘30
