1690 2611
517 103 628 131 COMM.
651 105 686 130 IN
711 104 813 131 Vfflusr.
834 104 916 130 AEN.
940 104 982 130 [V.
1004 107 1151 130 530-547.
1411 105 1471 134 561

287 187 359 219 538.
398 195 526 225 QVIANE
549 187 611 229 †re
636 197 725 217 vera:
751 187 783 217 et
807 187 856 217 est
880 197 943 216 una
967 197 1042 227 pars
1067 185 1235 217 orationis.

285 241 359 273 539.
401 253 479 273 BENE
504 251 564 281 pro
595 240 756 280 qualitatis
788 239 928 270 adverbio
963 239 1194 280 intelleqcmlum
1227 242 1277 270 est.
1386 247 1473 270 STAT

196 297 374 336 permanet.

284 349 357 380 540.
401 361 469 384 oms
491 361 539 386 ΜΕ,
557 360 658 380 armi!
679 360 734 379 FAC
758 360 848 379 VELLE
866 346 976 379 suver?
1017 347 1089 378 ordo
1123 349 1180 378 est:
1211 348 1263 386 jae
1295 357 1341 378 me
1373 348 1474 377 autem

194 403 274 441 velle,
298 403 367 443 quis
389 402 489 434 sinet?
580 415 666 433 RATIB
674 414 746 433 usn:
764 414 904 433 SVPERBIS
925 401 970 432 vel
994 401 1115 440 nmquis
1131 403 1161 436 ⁴et
1179 401 1267 435 altis‚·
1291 401 1336 431 vel
1354 400 1389 431 iu
1407 400 1473 440 qui-

195 456 249 488 bus
272 457 394 497 superbi
416 456 595 497 navigaturi
617 458 696 496 sunt,
719 455 773 486 hoe
794 457 838 486 est
859 455 913 494 qui
937 465 983 485 me
1007 457 1091 485 tanto
1115 456 1284 494 contemptu
1308 455 1456 485 deserunt.

284 510 357 542 541.
395 523 521 542 mnsam
541 520 618 550 quae
640 513 683 541 sie
705 509 855 540 contemni
878 511 906 540 et
927 508 1061 548 relinqui
1085 518 1206 539 mereor.

284 564 356 595 542.
396 576 625 596 LAOMEDONTEAE
647 573 729 594 nmzc
749 562 973 602 fraudulentae.

284 618 357 649 543.
396 625 532 648 NAVTAS
561 627 626 648 non
654 615 825 648 Troianos:
860 627 935 647 nam
964 615 1118 647 iniuriose
1142 615 1226 646 dixit
1255 614 1412 655 ‘nautas',
1442 615 1473 646 id

195 673 244 702 est
273 671 425 702 adsuetos
450 670 626 702 laboribus.
718 679 875 701 OVANTES
905 669 1074 701 laetantes.
1121 669 1266 700 abusive:
1296 680 1370 700 nam
1400 680 1469 709 pro<

194 725 262 765 prie
288 725 395 756 ovatio
421 726 471 755 est
499 724 603 755 minor
631 723 823 765 triumphus.
858 723 912 764 qui
937 723 1023 754 enim
1051 723 1235 754 ovationem
1259 724 1409 761 meretur,
1442 725 1473 753 et

195 789 257 809 uno
282 789 363 819 equo
388 778 491 809 utitur
516 779 547 808 et
571 789 590 808 a
613 777 749 818 plebeis,
780 776 829 808 vel
860 776 900 807 ab
926 776 1089 817 equitibus
1120 776 1274 807 Romanis
1305 776 1473 807 deducitur

194 831 234 862 ad
259 830 458 872 Capitolium
483 833 515 863 et
539 831 575 862 de
606 831 720 862 ovibus
755 831 928 869 sacrificat⁷
961 830 1043 861 unde
1078 833 1110 862 et
1143 830 1252 861 ovatio
1286 830 1383 861 dieta:
1418 829 1473 870 qui

194 886 302 916 autem
326 885 520 926 triumphat„
545 885 627 916 albis
658 885 748 926 equis
777 884 880 916 utitur
910 886 1063 925 quattuor
1094 886 1125 915 et
1155 886 1269 915 senatu
1299 884 1472 924 praeeunte

193 939 227 970 in
251 938 411 980 Capitolio
436 939 474 970 de
503 939 604 970 tauris
635 939 803 970 sacrificat.
849 941 877 969 et
904 938 974 969 bene
1001 938 1060 969 (luo
1089 938 1208 969 (lii-«ersa
1230 938 1337 977 posuit
1364 937 1454 977 ‘fuya

193 995 223 1023 et
246 991 411 1032 ‘ovantes',
434 995 469 1023 ut
487 993 614 1033 ¹qravius
638 994 711 1023 esset
734 1002 802 1023 eum
825 991 872 1023 his
896 992 949 1031 qui
972 994 1097 1022 ovarent
1122 992 1164 1022 ire
1185 991 1359 1031 fuqienlem.

281 1046 354 1077 545.
399 1059 526 1078 mmm-ue
554 1049 588 1077 ut
615 1045 650 1085 <l
679 1046 764 1086 439>
788 1046 908 1085 infert
935 1055 970 1077 se
1001 1048 1149 1085 saeptus
1181 1045 1321 1076 nebula.
1412 1053 1470 1075 le

193 1108 283 1131 VRBE
307 1109 458 1131 REVELLI
484 1102 539 1132 aut
562 1111 646 1140 mox,
670 1099 702 1130 id
727 1101 776 1130 est
800 1099 897 1140 paulo
922 1101 1010 1140 ante,
1034 1101 1070 1130 ut
1099 1099 1134 1139 <1
1158 1099 1222 1138 34>
1247 1099 1309 1129 vix
1339 1110 1354 1129 e
1384 1109 1470 1129 con-

192 1155 339 1194 speetu:
364 1156 421 1185 aut
444 1165 477 1184 re
507 1165 583 1185 vera
607 1152 701 1194 ‘vix’,
735 1154 770 1184 ut
804 1153 942 1183 diximus
975 1164 1073 1194 supra
1096 1152 1132 1193 <I
1157 1153 1258 1193 361>:
1282 1164 1355 1183 nam
1380 1152 1470 1183 nulla

191 1207 317 1238 ratione
340 1207 542 1239 dimitterent
565 1208 714 1249 patriam,
738 1207 801 1238 nisi
827 1218 881 1238 eos
902 1209 958 1238 aut
978 1206 1086 1238 odium
1106 1206 1328 1247 Pygmalionis
1349 1206 1469 1248 eoegis·
1489 1212 1495 1222 ⁶

193 1262 251 1301 set,
276 1262 332 1292 aut
354 1261 463 1302 timor,
487 1264 524 1292 ut
548 1261 582 1301 <I
607 1261 693 1302 361>
718 1261 954 1293 conveniunt
979 1261 1119 1302 quibus
1144 1262 1209 1292 aut
1238 1260 1365 1291 odium
1390 1271 1469 1291 cru-

191 1313 275 1345 dele
299 1315 471 1356 tyranni,
495 1317 562 1346 aut
585 1317 708 1346 metus
733 1325 818 1345 acer
843 1316 935 1345 erat.

280 1368 353 1399 547.
391 1377 476 1406 QVIN
501 1377 641 1400 MORERE
667 1367 775 1410 ‘quin’
800 1369 909 1400 immo.
956 1370 988 1399 et
1012 1368 1093 1399 bene
1118 1368 1222 1400 omnis
1243 1368 1310 1399 eius
1330 1368 1469 1399 intentio

190 1422 295 1453 tendit
319 1422 359 1453 ad
383 1424 534 1453 mortem:
558 1433 634 1453 nam
659 1422 686 1453 si
710 1433 824 1463 procos
850 1433 964 1464 rogare
989 1424 1082 1463 turpe
1107 1424 1164 1463 est,
1188 1422 1291 1454 solam
1312 1422 1403 1462 sequi
1424 1422 1468 1452 in-

192 1475 346 1516 possibile
371 1478 404 1507 et
423 1476 643 1516 inhonestum,
667 1476 783 1517 Tyrios
803 1476 931 1507 trahere
951 1476 1090 1517 difficile,
1115 1476 1185 1507 sola
1204 1487 1291 1507 mors
1312 1477 1468 1516 superest.

266 1542 418 1565 FERROQVE
436 1543 552 1561 arram:
575 1543 710 1562 nomam!
731 1530 784 1561 boe
807 1531 970 1561 seeundum
994 1541 1042 1562 eos
1065 1531 1157 1568 dixit,
1181 1530 1235 1570 qui
1258 1540 1325 1561 cum
1349 1531 1470 1570 aliquid

192 1583 317 1623 inpulsu
335 1583 435 1614 animi
458 1584 676 1621 constituerint,
699 1584 866 1616 voluntatis
888 1595 962 1615 suae
980 1585 1129 1615 ›ut-ionem
1149 1584 1290 1616 adbibere
1308 1587 1467 1615 conantur.

192 1647 259 1677 erqo
282 1639 312 1668 et
332 1637 403 1668 llaec
426 1638 515 1678 quasi
533 1639 684 1669 rationem
702 1638 851 1678 adprobat
869 1638 950 1678 quod
965 1638 1072 1677 furore
1084 1638 1182 1678 paulo
1201 1641 1272 1669 ante
1291 1639 1466 1669 decreverat.

264 1728 295 1751 10
314 1733 379 1751 nam
398 1725 509 1759 proprie
525 1748 529 1752 .
543 1746 565 1752 ..
582 1726 615 1752 de
634 1725 720 1751 tauris
740 1726 889 1760 sacrificat]
911 1734 994 1752 exser.
1011 1726 1151 1760 mythogr.
1167 1726 1285 1759 1116,33
1301 1727 1310 1760 ΙΙ
1324 1729 1357 1752 23
1375 1726 1464 1759 ‘quin’

191 1761 288 1795 immo]
310 1761 342 1787 cf.
366 1760 436 1787 Don.
457 1762 493 1787 ad
513 1761 572 1788 Ter.
594 1770 654 1787 eun.
675 1762 711 1787 IV
734 1765 756 1795 7,
777 1765 808 1787 41
830 1763 858 1787 et
878 1761 920 1787 ad.
943 1761 979 1787 IV
999 1765 1023 1793 2,
1043 1765 1059 1787 4

264 1844 277 1867 1
298 1849 326 1867 re
346 1841 423 1876 vera]
443 1841 533 1868 ironia
552 1843 594 1868 est
612 1842 747 1868 Barthius
767 1843 803 1868 cul
823 1842 892 1868 Stat.
912 1842 990 1867 Theb.
1002 1841 1031 1867 .X
1047 1845 1105 1868 586.
1135 1843 1169 1874 cf.
1184 1851 1252 1875 quae
1267 1843 1297 1868 in
1315 1842 1468 1868 Turonensi

191 1877 224 1903 ab
244 1885 272 1902 eo
290 1877 338 1910 qui
354 1877 517 1903 Tironianis
530 1878 602 1903 notis
617 1886 682 1903 usus
697 1880 733 1903 est
749 1879 785 1904 acl
800 1877 877 1903 iuvat
891 1878 1023 1903 adnotata
1038 1881 1102 1903 suut
1121 1878 1215 1911 placet
1230 1878 1336 1904 scilieet
1355 1879 1386 1904 ut
1405 1887 1466 1904 eum

190 1912 246 1938 illis
265 1912 395 1946 nauigem
415 1913 444 1938 et
463 1914 504 1939 est
522 1913 627 1946 yronia.
648 1914 687 1940 vel
704 1913 761 1940 ‘ne’
779 1912 876 1947 μόριον
896 1914 936 1939 rel
957 1913 1001 1938 ‘ne
1017 1922 1070 1946 que
1086 1914 1130 1939 ve’
1148 1912 1232 1946 μόρια
1249 1913 1283 1940 F.
1296 1914 1444 1940 Schoellius
1466 1915 1467 1936 ἰ

191 1951 206 1974 2
227 1948 263 1974 acl
282 1948 351 1974 bene.
371 1956 445 1981 supr.
460 1956 525 1974 vers.
546 1949 615 1975 bene
634 1949 661 1975 in
681 1949 733 1975 hoc
753 1949 814 1976 loco
835 1957 885 1983 pro
905 1948 1051 1982 qualitatis
1067 1948 1231 1975 aduerbium
1246 1949 1466 1983 intellegendum

191 1985 233 2010 est
255 1983 279 2009 T
294 1984 303 2016 ἱΙ
326 1983 490 2009 aduerbium
510 1983 540 2010 F
558 1985 566 2017 ΙΙ
589 1987 605 2011 4
626 1985 693 2011 ordo
714 1986 756 2011 est
821 2006 825 2011 .
846 1984 918 2010 sinet
936 1993 1009 2018 supr.
1030 1993 1095 2011 vers.
1115 1985 1139 2010 T
1158 1986 1166 2018 ss
1195 1988 1209 2011 5
1230 1985 1317 2011 uellet
1336 1985 1365 2011 F
1384 1987 1392 2018 Ι]
1420 1985 1466 2011 uel

190 2018 298 2052 magnis
319 2040 324 2045 .
342 2041 346 2046 .
365 2039 369 2044 .
391 2019 521 2046 deserunt
538 2028 613 2053 supr.
633 2029 698 2047 vers.
723 2021 765 2054 ΤΗ
785 2024 799 2047 6
820 2020 879 2054 qui]
900 2029 970 2053 quae
993 2020 1038 2053 TI}
1054 2023 1067 2046 7
1088 2030 1196 2046 1Nv1sAi1
1217 2021 1251 2046 F.
1282 2031 1388 2047 1111118111
1408 2021 1466 2047 Da-

189 2055 253 2087 niel,
274 2054 322 2080 alii
343 2064 450 2080 1Nx'1sn1
469 2056 571 2081 addens
584 2056 593 2089 ΙΙ
608 2057 644 2082 acl
663 2056 782 2082 inuisam
801 2064 875 2089 supr.
896 2064 962 2082 vers
984 2055 1109 2082 odiosam
1128 2065 1200 2089 quae
1221 2078 1225 2082 .
1243 2079 1247 2083 .
1265 2077 1270 2082 .
1292 2065 1399 2082 mereor
1421 2057 1445 2082 T
1458 2057 1466 2090 Η

191 2090 352 2124 contempni
367 2090 397 2116 F
408 2091 417 2123 ΙΙ
431 2093 446 2116 8
463 2091 499 2117 ad
513 2090 734 2118 Laomedonteae
752 2093 780 2117 in
794 2100 878 2124 uzargy.
895 2100 967 2117 nunc
987 2091 1180 2118 fraudulentae
1196 2092 1275 2125 quasi
1292 2092 1370 2118 dicat
1388 2101 1465 2117 num-

191 2125 293 2159 quid-o
312 2125 423 2159 perdita
442 2126 526 2152 sentis
546 2127 669 2154 troianae
689 2127 780 2161 gentis
800 2126 913 2153 fallacia
935 2127 959 2152 T
980 2129 988 2160 [1
1017 2130 1031 2153 9
1052 2127 1152 2153 uiriose
1173 2127 1203 2153 F
1224 2129 1232 2162 ΙΙ
1256 2129 1355 2153 nautas
1376 2128 1403 2153 id
1424 2129 1465 2153 est

190 2170 238 2188 om.
261 2162 296 2187 M
313 2163 322 2195 ΙΙ
344 2164 376 2187 12
396 2161 536 2187 reducitur
555 2162 580 2188 L
598 2163 607 2196 ΙΙ
633 2167 663 2189 15
684 2164 720 2189 ml
741 2172 762 2188 1
779 2166 830 2189 543
851 2164 880 2188 iu
900 2171 983 2195 niara.
1005 2163 1075 2189 bene
1095 2163 1149 2189 (1110
1170 2184 1175 2189 .
1240 2163 1393 2196 fugientem
1417 2163 1440 2188 'l

192 2200 222 2223 17
244 2206 356 2223 mmmm<
377 2197 406 2222 F
429 2207 557 2227 mei-:omn
576 2199 692 2231 Daniel,
712 2198 760 2225 alii
780 2198 881 2224 inferat
901 2199 959 2230 (szc)
980 2199 1082 2224 addens
1100 2199 1109 2231 ΙΙ
1129 2200 1164 2224 ml
1183 2199 1378 2232 1111011118κιφ]
1398 2207 1463 2225 1118

190 2232 326 2259 immittat
346 2234 376 2259 ut
396 2232 481 2258 infeit
499 2242 528 2259 se
548 2235 641 2267 septus
661 2234 763 2260 nebula
785 2235 808 2259 T
821 2235 830 2267 ΙΙ
847 2237 877 2259 18
898 2234 942 2259 vix
962 2242 1010 2259 om.
1027 2234 1062 2260 F.
1089 2236 1138 2260 aut
1157 2243 1185 2260 re
1205 2243 1271 2260 vera
1292 2234 1360 2259 ‘vix'
1382 2243 1464 2268 aegre

189 2269 258 2294 coni.
273 2269 454 2294 Burmannus
468 2270 477 2302 ΙΙ
491 2272 524 2295 ‘33
544 2278 600 2295 11110
620 2269 717 2303 F1124
737 2273 858 2304 proquos
878 2269 907 2294 F
919 2270 927 2302 ΙΙ
943 2269 1002 2295 sola
1022 2270 1059 2295 M
1071 2271 1079 2303 ΙΙ
1095 2273 1126 2296 26
1147 2271 1184 2296 ad
1202 2270 1329 2302 ferroque
1349 2278 1371 2295 a
1389 2270 1414 2295 d.
1434 2271 1465 2295 in

190 2312 274 2337 mai-q.
294 2304 346 2330 hoe
366 2304 516 2330 secundum
540 2326 564 2331 ..
582 2325 586 2330 .
607 2305 768 2332 decreuerat
786 2306 808 2331 Τ
821 2306 830 2338 11
855 2308 885 2331 ’27
908 2304 1019 2331 aclibere
1035 2305 1064 2331 F
1090 2306 1191 2332 addere
1212 2306 1313 2331 Daniel
1330 2305 1438 2338 pfzmus

191 2342 225 2366 28
245 2339 326 2374 haec]
347 2340 391 2366 hie
411 2340 514 2366 Daniel
530 2341 637 2374 primus
651 2342 660 2375 ΙΙ
674 2341 780 2368 ratione
801 2342 869 2367 coni.
889 2340 1069 2367 Burmannus
1082 2342 1091 2374 11
1106 2342 1243 2375 approbat
1267 2341 1291 2366 T

1496 676 1526 698 10

1461 936 1523 965 ’15

1488 1479 1520 1502 25
