1690 2611
280 148 383 174 XXXII
644 154 649 159 “
808 147 1021 175 PRAEFATIO.

282 230 321 260 ad
346 241 415 260 eun.
445 229 475 260 II
501 230 533 270 3,
565 230 603 261 21
641 231 803 272 adscripto
833 231 1023 262 ostenditur.
1080 231 1237 262 incertum
1271 232 1377 262 autem
1410 231 1491 263 illud
1525 234 1558 262 et

278 293 397 324 vagum
423 284 648 315 laudationum
669 295 786 326 genus,
816 285 905 315 cuius
931 284 1079 325 exempla
1103 283 1295 315 Thomasius
1320 296 1349 325 p.
1376 285 1436 316 189
1462 285 1557 316 colle-

278 336 373 379 giff),
403 348 421 367 a
450 339 595 368 veterum
621 338 814 379 scriptorum
850 348 938 369 more
968 348 1032 368 non
1062 337 1228 378 abhorret,
1259 349 1362 379 neque
1387 338 1556 379 probabile

278 393 327 421 est
353 390 438 431 quod
462 390 518 422 ille
544 391 605 422 sibi
634 391 833 432 persuasisse
858 389 1031 432 videtur2),
1062 390 1208 421 Servium
1232 391 1337 432 ipsum
1362 391 1556 432 scriptorum

277 445 410 475 nomina
443 455 514 476 cum
550 445 708 476 librorum
741 445 845 475 titulis
880 455 1165 484 commemorasse,
1193 455 1251 484 pro
1285 444 1335 475 his
1367 455 1385 475 a
1412 444 1555 476 librariis

277 498 441 539 generalia
474 498 593 529 indicia
626 498 733 539 posita
766 508 844 528 esse.
891 499 928 528 ut
958 496 1068 537 paucis
1101 496 1371 537 comprehendam
1403 507 1484 538 quae
1518 497 1556 528 de

276 552 539 583 testimoniorum
565 551 666 583 Servii
691 551 754 582 fide
784 551 869 581 dicta
894 552 982 590 sunt,
1012 550 1099 581 omni
1128 550 1161 580 in
1191 550 1236 581 eis
1266 550 1456 581 adhibendis
1485 561 1556 582 cau-

278 605 367 636 tione
392 616 472 646 opus
498 607 554 637 est.

366 658 481 690 Restat
511 661 547 689 ut
578 669 758 689 sermonem
784 657 887 689 Servii
915 657 1025 698 paucis
1055 657 1244 688 describam.
1282 657 1337 698 qui
1366 668 1422 697 per
1450 659 1556 689 totum

277 713 544 744 commentarium
569 712 713 753 aequalis
739 714 788 743 est
817 714 849 742 et
874 711 936 742 sibi
961 711 1096 741 constat.
1135 712 1231 751 atque
1261 711 1288 740 si
1313 721 1332 741 a
1355 710 1461 741 verbis
1487 711 1553 752 qui-

276 766 412 797 busdam
447 765 808 805 constructionibusque
846 765 1031 804 verborum,
1069 763 1108 794 ab
1143 763 1330 804 incorrupta
1364 763 1456 795 latini
1492 775 1554 795 ser-

277 820 381 850 monis
402 820 592 861 integritate
613 819 741 859 alienis,
761 818 849 849 illius
865 818 996 849 .aetatis
1026 817 1221 857 scriptorum
1241 815 1413 858 propriis3)
1438 817 1555 848 disces-

277 874 368 914 seris,
394 874 572 905 orationem
598 872 804 914 grammatici
829 872 945 903 exilem
970 871 1061 902 illam
1095 864 1224 911 (pridem
1254 872 1286 901 et
1309 870 1396 901 omni
1422 872 1554 902 ornatus

276 937 394 967 genere
419 927 624 967 destitutam,
649 926 704 958 sed
728 925 929 967 perspicuam
957 927 989 955 et
1012 935 1125 965 puram
1147 934 1215 954 esse
1235 924 1392 965 invenies,
1416 926 1452 955 ut
1475 935 1554 964 pau-

277 981 322 1011 cis
347 981 426 1012 locis
452 981 609 1021 exceptis,
635 980 751 1021 quibus
771 978 906 1010 nimium
922 977 1082 1019 quoddam
1098 977 1266 1008 brevitatis
1287 977 1428 1008 studium
1450 979 1554 1008 osten-

276 1034 376 1075 ditur,
401 1035 475 1075 quid
501 1034 642 1065 voluerit
661 1033 716 1064 ille
737 1032 830 1063 facile
846 1031 1062 1072 intellegatur.
1096 1030 1174 1061 illud
1190 1041 1316 1071 quoque
1340 1030 1373 1061 in
1397 1031 1554 1071 scriptore

276 1088 402 1119 infimae
424 1098 523 1129 prope
549 1087 666 1118 aetatis
691 1087 783 1118 laude
809 1086 941 1126 dignum
974 1086 1036 1125 est,
1066 1084 1150 1126 quod
1179 1084 1368 1125 plerumque
1397 1086 1429 1115 et
1457 1083 1554 1114 verba

277 1143 351 1182 apte
376 1141 535 1173 collocata
556 1144 588 1172 et
613 1140 779 1172 enuntiata
804 1141 878 1180 apte
899 1139 984 1169 inter
1009 1149 1042 1169 se
1062 1138 1171 1168 iuncta
1192 1138 1276 1168 sunt.
1315 1137 1450 1178 denique
1470 1147 1553 1168 com-

276 1195 471 1225 mentarium
497 1195 608 1235 legens
633 1194 700 1224 ludi
725 1193 919 1234 magistrum
944 1191 1055 1222 audire
1078 1191 1139 1222 tibi
1163 1190 1281 1221 videris
1301 1190 1455 1222 sermonis
1481 1190 1553 1221 sim-

275 1249 420 1289 plicitate
445 1250 476 1278 et
501 1247 731 1288 perspicuitate
761 1247 857 1286 atque
886 1243 1103 1285 praecipiendi
1133 1243 1271 1284 quadam
1296 1243 1468 1274 severitate
1492 1242 1553 1274 hoc

276 1302 414 1332 maxime
438 1302 609 1341 nitentem,
634 1302 670 1331 ut
694 1310 775 1340 quae
799 1297 969 1329 tradiderit
993 1296 1141 1337 discipuli
1165 1296 1259 1327 facile
1285 1298 1317 1327 et
1342 1296 1458 1327 animis
1483 1306 1552 1337 per-

278 1355 399 1396 cipiant
423 1357 455 1385 et
480 1353 634 1385 memoria
659 1352 925 1393 complectantur.

364 1409 412 1439 Ea
437 1419 518 1449 quae
544 1419 559 1438 e
584 1406 782 1448 plenioribus
806 1405 898 1436 libris
922 1403 1037 1435 Petrus
1058 1403 1174 1434 Daniel
1199 1403 1322 1443 primus
1347 1402 1447 1433 edidit
1470 1403 1553 1434 inter

275 1473 308 1492 se
332 1462 403 1502 ipsa
429 1462 507 1492 satis
533 1460 704 1491 dissimilia
728 1461 812 1490 sunt.
850 1469 924 1488 nam
945 1459 981 1488 ut
1000 1457 1086 1488 haud
1106 1467 1209 1497 pauca
1229 1456 1353 1488 scholia
1372 1467 1390 1487 a
1406 1454 1551 1487 Serviani

275 1514 499 1546 commentarii
523 1513 703 1545 rationibus
728 1512 822 1543 modo
848 1510 1017 1551 descriptis
1044 1521 1109 1541 non
1129 1509 1321 1550 abhorrent,
1345 1509 1392 1540 ita
1416 1509 1481 1540 alia
1503 1520 1552 1541 re-

274 1568 420 1599 conditae
445 1567 611 1599 doctrinae
632 1566 725 1607 plena
749 1567 825 1596 sunt
853 1566 885 1595 et
905 1564 944 1595 ad
963 1564 1131 1595 doctorum
1150 1563 1318 1594 hominum
1338 1563 1441 1604 magis
1457 1573 1552 1604 quam

273 1622 312 1652 ad
338 1621 591 1652 adulescentium
613 1619 720 1651 studia
735 1618 915 1650 adiuvanda
934 1617 1105 1659 pertinent.
1143 1617 1300 1648 serinonis
1321 1628 1447 1658 quoque
1466 1617 1552 1648 inae-

274 1676 413 1716 qualitas
429 1675 587 1716 quaedam
603 1674 751 1705 cernitur.
789 1671 996 1702 inveniuntur
1017 1671 1101 1702 enim
1117 1681 1198 1711 quae
1217 1681 1282 1702 non
1299 1670 1404 1702 solum
1418 1671 1552 1711 propter

274 1740 380 1759 rerum
406 1727 651 1770 praestantiam,
676 1725 730 1756 sed
747 1725 843 1756 etiam
864 1726 997 1765 propter
1013 1723 1169 1755 orationis
1189 1723 1337 1755 habitum
1359 1725 1390 1754 et
1410 1723 1549 1754 colorem

274 1782 312 1812 ad
334 1784 474 1812 aetatem
500 1780 654 1812 Serviane.
684 1778 881 1820 superiorem
906 1778 1071 1809 referenda
1101 1789 1170 1808 esse
1199 1777 1367 1808 videantur
1392 1774 1444 1817 (cf.
1468 1787 1497 1817 p.
1522 1776 1551 1817 8,

278 1836 328 1876 193
358 1835 408 1875 13,
435 1836 467 1873 ὃς
492 1835 548 1874 21,
576 1833 627 1873 173
658 1833 737 1872 473,
766 1830 835 1873 20),
864 1831 930 1862 alia
958 1832 994 1861 ut
1022 1841 1072 1862 res
1103 1831 1234 1871 cognitu
1264 1829 1470 1872 dignissimas
1500 1840 1551 1861 ex-

274 1888 386 1919 hibent
412 1888 458 1918 ita
482 1887 559 1918 rude
586 1889 617 1917 et
642 1886 798 1917 incultum
821 1884 945 1916 dicendi
970 1894 1071 1925 genus
1092 1883 1279 1924 ostendunt,
1299 1886 1334 1915 ut
1358 1882 1549 1924 antiquioris

258 1931 475 1981 >grammatici
512 1940 747 1981 expositionem
781 1938 932 1969 inferiore
967 1938 1073 1969 aetate
1107 1937 1218 1968 nativa
1256 1936 1411 1968 orationis
1446 1936 1550 1968 forma

274 1995 421 2025 orbatam
443 2005 512 2025 esse
537 1996 701 2034 appareat.
733 1992 784 2033 (cf.
810 1992 888 2022 Aen.
920 1990 934 2021 I
959 1990 1036 2030 305,
1065 1989 1095 2020 Π
1120 1990 1176 2030 44,
1200 1989 1247 2021 III
1277 1990 1349 2031 148,
1378 1989 1442 2020 alia
1470 2000 1551 2031 quae

273 2047 413 2078 Thomas
438 2058 467 2088 p.
493 2048 534 2078 82
561 2052 591 2077 et
615 2058 644 2087 p.
674 2046 733 2076 102
760 2055 805 2085 sq.
830 2041 985 2084 collegit).

349 2176 372 2205 l)
392 2174 425 2200 cf.
449 2175 515 2199 Aen.
538 2175 546 2199 I
569 2177 617 2199 738
649 2173 692 2199 ‘ut
712 2171 815 2198 Punica
833 2171 952 2197 testatur
971 2170 1113 2204 historia',
1133 2171 1171 2196 III
1193 2173 1242 2196 104
1264 2170 1339 2203 ‘nani
1359 2169 1432 2202 apud
1452 2168 1549 2196 choro-

274 2213 396 2247 graphos
419 2213 561 2246 lvgimus’,
584 2213 618 2238 VI
641 2216 691 2238 2³4
714 2211 771 2245 ‘qui
793 2211 826 2237 de
843 2209 956 2237 somniis
973 2210 1162 2244 scripserunt’,
1182 2210 1219 2236 XI
1235 2212 1285 2236 284
1303 2209 1361 2242 ‘qui
1381 2208 1551 2242 scripserunt

274 2254 307 2279 ‹lc
328 2255 388 2279 arte
410 2253 546 2279 militari’.
656 2256 684 2284 2)
708 2262 733 2286 p.
756 2254 805 2278 188
828 2251 876 2277 ‘...
897 2250 937 2275 les
957 2249 1122 2276 indicatione
1146 2258 1250 2283 vagues
1274 2250 1302 2274 ct
1321 2248 1481 2275 collectives
1500 2249 1547 2282 qui

274 2293 461 2326 remplaccnt,
491 2293 558 2318 *laus
593 2294 671 2318 notre
703 2292 822 2325 Vulgatc
856 2290 986 2323 ate-tuelle,
1016 2291 1056 2316 lvs
1080 2298 1158 2316 nonis
1182 2297 1296 2323 proprcs
1321 2296 1373 2321 quc
1397 2288 1550 2315 donnaient

273 2333 471 2359 certaincmcut
492 2332 603 2358 Servius
624 2341 657 2357 ou
680 2332 718 2357 11¹5
739 2331 971 2358 comnwntatcurs
992 2330 1038 2362 qui
1060 2330 1127 2355 l'ont
1146 2328 1282 2362 preecdff.
1372 2329 1398 2361 3)
1420 2329 1453 2355 eil
1474 2328 1547 2355 'rho-

273 2383 329 2399 mae
351 2382 375 2407 p,
400 2376 446 2398 146
467 2382 524 2405 sqq.
