<?xml version="1.0" encoding="UTF-8"?>
<!DOCTYPE html PUBLIC "-//W3C//DTD XHTML 1.0 Transitional//EN"
    "http://www.w3.org/TR/xhtml1/DTD/xhtml1-transitional.dtd">
<html xmlns="http://www.w3.org/1999/xhtml" xml:lang="en" lang="en">
 <head>
  <title>
</title>
<meta http-equiv="Content-Type" content="text/html;charset=utf-8" />
  <meta name='ocr-system' content='tesseract 3.04.00' />
  <meta name='ocr-capabilities' content='ocr_page ocr_carea ocr_par ocr_line ocrx_word'/>
</head>
<body>
  <div class='ocr_page' id='page_1' title='image "./serviigrammatici01bons_0349.png"; bbox 0 0 1690 2611; ppageno 0'>
   <div class='ocr_carea' id='block_1_1' title="bbox 489 103 1438 135">
    <p class='ocr_par' dir='ltr' id='par_1_1' title="bbox 489 103 1438 135">
     <span class='ocr_line' id='line_1_1' title="bbox 489 103 1438 135; baseline 0 -5"><span class='ocrx_word' id='word_1_1' title='bbox 489 104 602 131; x_wconf 89' lang='lat' dir='ltr'>COMM.</span> <span class='ocrx_word' id='word_1_2' title='bbox 622 103 660 130; x_wconf 79' lang='grc' dir='ltr'><em>ΙΝ</em></span> <span class='ocrx_word' id='word_1_3' title='bbox 680 104 787 131; x_wconf 77' lang='lat' dir='ltr'>VERG.</span> <span class='ocrx_word' id='word_1_4' title='bbox 808 104 891 130; x_wconf 87' lang='lat' dir='ltr'>AEN.</span> <span class='ocrx_word' id='word_1_5' title='bbox 913 105 944 131; x_wconf 86' lang='lat'>11.</span> <span class='ocrx_word' id='word_1_6' title='bbox 968 107 1114 132; x_wconf 76' lang='lat'>158—166.</span> <span class='ocrx_word' id='word_1_7' title='bbox 1375 105 1438 135; x_wconf 72' lang='grc'><em>247</em></span> 
     </span>
    </p>
   </div>
   <div class='ocr_carea' id='block_1_2' title="bbox 125 187 1440 1460">
    <p class='ocr_par' dir='ltr' id='par_1_2' title="bbox 156 187 1440 335">
     <span class='ocr_line' id='line_1_2' title="bbox 156 187 1440 228; baseline -0.001 -9"><span class='ocrx_word' id='word_1_8' title='bbox 156 188 300 228; x_wconf 72' lang='lat' dir='ltr'><em>2n²aemia</em></span> <span class='ocrx_word' id='word_1_9' title='bbox 324 188 472 219; x_wconf 74' lang='lat' dir='ltr'><em>resolvam</em></span> <span class='ocrx_word' id='word_1_10' title='bbox 493 197 550 227; x_wconf 73' lang='lat' dir='ltr'><em>pro</em></span> <span class='ocrx_word' id='word_1_11' title='bbox 574 197 641 218; x_wconf 83' lang='lat' dir='ltr'><em>mea</em></span> <span class='ocrx_word' id='word_1_12' title='bbox 664 187 854 226; x_wconf 60' lang='lat' dir='ltr'><em>inmunitate.</em></span> <span class='ocrx_word' id='word_1_13' title='bbox 891 189 919 217; x_wconf 83' lang='lat' dir='ltr'><em>et</em></span> <span class='ocrx_word' id='word_1_14' title='bbox 945 187 1061 217; x_wconf 70' lang='lat' dir='ltr'><em>videtur</em></span> <span class='ocrx_word' id='word_1_15' title='bbox 1085 188 1144 218; x_wconf 80' lang='lat' dir='ltr'><em>dae</em></span> <span class='ocrx_word' id='word_1_16' title='bbox 1162 188 1340 227; x_wconf 67' lang='lat' dir='ltr'><em>promittere</em></span> <span class='ocrx_word' id='word_1_17' title='bbox 1366 188 1440 218; x_wconf 75' lang='lat' dir='ltr'><em>Tro-</em></span> 
     </span>
     <span class='ocr_line' id='line_1_3' title="bbox 160 240 1440 282; baseline -0.001 -9"><span class='ocrx_word' id='word_1_18' title='bbox 160 242 256 280; x_wconf 71' lang='lat' dir='ltr'><em>ianis,</em></span> <span class='ocrx_word' id='word_1_19' title='bbox 278 242 384 282; x_wconf 72' lang='lat' dir='ltr'><em>primo</em></span> <span class='ocrx_word' id='word_1_20' title='bbox 411 241 625 282; x_wconf 69' lang='lat' dir='ltr'><em>veriloquium,</em></span> <span class='ocrx_word' id='word_1_21' title='bbox 653 240 759 272; x_wconf 74' lang='lat' dir='ltr'><em>deinde</em></span> <span class='ocrx_word' id='word_1_22' title='bbox 786 240 915 271; x_wconf 71' lang='lat' dir='ltr'><em>salntem</em></span> <span class='ocrx_word' id='word_1_23' title='bbox 943 250 979 270; x_wconf 72' lang='lat' dir='ltr'><em>ea·</em></span> <span class='ocrx_word' id='word_1_24' title='bbox 1006 250 1132 271; x_wconf 68' lang='lat' dir='ltr'><em>suoram</em></span> <span class='ocrx_word' id='word_1_25' title='bbox 1158 242 1337 281; x_wconf 74' lang='lat' dir='ltr'><em>proditione.</em></span> <span class='ocrx_word' id='word_1_26' title='bbox 1382 241 1440 272; x_wconf 81' lang='lat' dir='ltr'><em>alii</em></span> 
     </span>
     <span class='ocr_line' id='line_1_4' title="bbox 160 292 1097 335; baseline -0.002 -9"><span class='ocrx_word' id='word_1_27' title='bbox 160 295 266 327; x_wconf 74' lang='lat' dir='ltr'><em>volunt</em></span> <span class='ocrx_word' id='word_1_28' title='bbox 287 295 413 327; x_wconf 75' lang='lat' dir='ltr'><em>dubium</em></span> <span class='ocrx_word' id='word_1_29' title='bbox 436 305 509 335; x_wconf 78' lang='lat' dir='ltr'><em>esse,</em></span> <span class='ocrx_word' id='word_1_30' title='bbox 532 295 615 326; x_wconf 77' lang='lat' dir='ltr'><em>vobis</em></span> <span class='ocrx_word' id='word_1_31' title='bbox 635 294 750 334; x_wconf 79' lang='lat' dir='ltr'><em>feram,</em></span> <span class='ocrx_word' id='word_1_32' title='bbox 775 292 902 324; x_wconf 58' lang='lat' dir='ltr'><em>Graecis</em></span> <span class='ocrx_word' id='word_1_33' title='bbox 925 294 1097 333; x_wconf 75' lang='lat' dir='ltr'><em>rependam.</em></span> 
     </span>
    </p>

    <p class='ocr_par' dir='ltr' id='par_1_3' title="bbox 160 348 1440 604">
     <span class='ocr_line' id='line_1_5' title="bbox 252 348 1440 389; baseline -0.001 -9"><span class='ocrx_word' id='word_1_34' title='bbox 252 349 321 380; x_wconf 78' lang='lat'>162.</span> <span class='ocrx_word' id='word_1_35' title='bbox 360 358 464 380; x_wconf 75' lang='grc'>0111113</span> <span class='ocrx_word' id='word_1_36' title='bbox 495 357 575 380; x_wconf 84' lang='lat' dir='ltr'><em>SPEs</em></span> <span class='ocrx_word' id='word_1_37' title='bbox 604 356 751 379; x_wconf 82' lang='lat' dir='ltr'>DANAVM</span> <span class='ocrx_word' id='word_1_38' title='bbox 780 358 870 378; x_wconf 85' lang='lat' dir='ltr'><em>more</em></span> <span class='ocrx_word' id='word_1_39' title='bbox 899 358 956 378; x_wconf 86' lang='lat' dir='ltr'><em>suo</em></span> <span class='ocrx_word' id='word_1_40' title='bbox 986 358 1005 378; x_wconf 85' lang='lat' dir='ltr'><em>a</em></span> <span class='ocrx_word' id='word_1_41' title='bbox 1033 348 1117 379; x_wconf 80' lang='lat' dir='ltr'><em>veris</em></span> <span class='ocrx_word' id='word_1_42' title='bbox 1146 348 1275 389; x_wconf 75' lang='lat' dir='ltr'>incipit:</span> <span class='ocrx_word' id='word_1_43' title='bbox 1304 360 1379 380; x_wconf 81' lang='lat' dir='ltr'><em>nam</em></span> <span class='ocrx_word' id='word_1_44' title='bbox 1408 351 1440 379; x_wconf 80' lang='lat' dir='ltr'><em>et</em></span> 
     </span>
     <span class='ocr_line' id='line_1_6' title="bbox 161 400 1438 442; baseline 0 -9"><span class='ocrx_word' id='word_1_45' title='bbox 161 402 242 433; x_wconf 82' lang='lat' dir='ltr'><em>favit</em></span> <span class='ocrx_word' id='word_1_46' title='bbox 265 402 412 433; x_wconf 86' lang='lat' dir='ltr'><em>Minerva</em></span> <span class='ocrx_word' id='word_1_47' title='bbox 436 401 579 442; x_wconf 83' lang='lat' dir='ltr'><em>Graecis,</em></span> <span class='ocrx_word' id='word_1_48' title='bbox 604 402 636 432; x_wconf 85' lang='lat' dir='ltr'><em>et</em></span> <span class='ocrx_word' id='word_1_49' title='bbox 660 401 830 432; x_wconf 83' lang='lat' dir='ltr'><em>constabat</em></span> <span class='ocrx_word' id='word_1_50' title='bbox 854 402 983 440; x_wconf 79' lang='lat' dir='ltr'><em>raptum</em></span> <span class='ocrx_word' id='word_1_51' title='bbox 1009 412 1077 431; x_wconf 87' lang='lat' dir='ltr'><em>esse</em></span> <span class='ocrx_word' id='word_1_52' title='bbox 1101 400 1292 432; x_wconf 79' lang='lat' dir='ltr'><em>Palladium.</em></span> <span class='ocrx_word' id='word_1_53' title='bbox 1382 411 1438 433; x_wconf 79' lang='grc' dir='ltr'><em>ΤΥ-</em></span> 
     </span>
     <span class='ocr_line' id='line_1_7' title="bbox 161 453 1438 496; baseline -0.001 -10"><span class='ocrx_word' id='word_1_54' title='bbox 161 464 267 487; x_wconf 84' lang='lat' dir='ltr'><em>D1DEs</em></span> <span class='ocrx_word' id='word_1_55' title='bbox 292 464 357 487; x_wconf 80' lang='lat' dir='ltr'><em>SED</em></span> <span class='ocrx_word' id='word_1_56' title='bbox 382 464 469 487; x_wconf 79' lang='lat' dir='ltr'>ENIM</span> <span class='ocrx_word' id='word_1_57' title='bbox 491 455 779 496; x_wconf 81' lang='lat' dir='ltr'><em>hysteroproteron</em></span> <span class='ocrx_word' id='word_1_58' title='bbox 803 456 852 485; x_wconf 83' lang='lat' dir='ltr'><em>est</em></span> <span class='ocrx_word' id='word_1_59' title='bbox 879 453 951 485; x_wconf 73' lang='lat' dir='ltr'><em>‘sed</em></span> <span class='ocrx_word' id='word_1_60' title='bbox 976 455 1061 485; x_wconf 87' lang='lat' dir='ltr'><em>enim</em></span> <span class='ocrx_word' id='word_1_61' title='bbox 1085 466 1123 486; x_wconf 77' lang='lat' dir='ltr'><em>ex</em></span> <span class='ocrx_word' id='word_1_62' title='bbox 1148 465 1209 495; x_wconf 86' lang='lat' dir='ltr'><em>quo</em></span> <span class='ocrx_word' id='word_1_63' title='bbox 1235 455 1352 495; x_wconf 81' lang='lat' dir='ltr'><em>impius</em></span> <span class='ocrx_word' id='word_1_64' title='bbox 1377 455 1438 496; x_wconf 74' lang='lat' dir='ltr'><em>Ty-</em></span> 
     </span>
     <span class='ocr_line' id='line_1_8' title="bbox 161 508 1440 550; baseline 0 -10"><span class='ocrx_word' id='word_1_65' title='bbox 161 509 276 550; x_wconf 73' lang='lat' dir='ltr'><em>dides’3</em></span> <span class='ocrx_word' id='word_1_66' title='bbox 299 520 375 540; x_wconf 86' lang='lat' dir='ltr'><em>nam</em></span> <span class='ocrx_word' id='word_1_67' title='bbox 398 508 619 550; x_wconf 69' lang='lat' dir='ltr'>hysterologia</span> <span class='ocrx_word' id='word_1_68' title='bbox 644 508 736 540; x_wconf 86' lang='grc'>11111113</span> <span class='ocrx_word' id='word_1_69' title='bbox 762 508 919 539; x_wconf 82' lang='lat' dir='ltr'><em>sermonis</em></span> <span class='ocrx_word' id='word_1_70' title='bbox 940 510 1003 549; x_wconf 81' lang='lat' dir='ltr'><em>est,</em></span> <span class='ocrx_word' id='word_1_71' title='bbox 1027 510 1063 539; x_wconf 93' lang='lat' dir='ltr'><em>ut</em></span> <span class='ocrx_word' id='word_1_72' title='bbox 1084 508 1134 548; x_wconf 82' lang='lat' dir='ltr'><em>&lt;V</em></span> <span class='ocrx_word' id='word_1_73' title='bbox 1155 509 1240 549; x_wconf 75' lang='lat'><em>663&gt;</em></span> <span class='ocrx_word' id='word_1_74' title='bbox 1265 511 1440 540; x_wconf 75' lang='lat' dir='ltr'><em>transtra</em></span> 
     </span>
     <span class='ocr_line' id='line_1_9' title="bbox 160 565 443 604; baseline -0.004 -10"><span class='ocrx_word' id='word_1_75' title='bbox 160 574 227 604; x_wconf 88' lang='lat' dir='ltr'><em>per</em></span> <span class='ocrx_word' id='word_1_76' title='bbox 251 565 288 594; x_wconf 88' lang='lat' dir='ltr'><em>et</em></span> <span class='ocrx_word' id='word_1_77' title='bbox 311 573 443 594; x_wconf 83' lang='lat' dir='ltr'><em>remos.</em></span> 
     </span>
    </p>

    <p class='ocr_par' dir='ltr' id='par_1_4' title="bbox 160 615 1439 709">
     <span class='ocr_line' id='line_1_10' title="bbox 252 615 1439 656; baseline 0 -9"><span class='ocrx_word' id='word_1_78' title='bbox 252 616 322 647; x_wconf 82' lang='lat'>163.</span> <span class='ocrx_word' id='word_1_79' title='bbox 359 624 477 647; x_wconf 81' lang='lat' dir='ltr'>IMPIVS</span> <span class='ocrx_word' id='word_1_80' title='bbox 506 626 581 647; x_wconf 86' lang='lat' dir='ltr'><em>vero</em></span> <span class='ocrx_word' id='word_1_81' title='bbox 609 617 742 656; x_wconf 85' lang='lat' dir='ltr'><em>propter</em></span> <span class='ocrx_word' id='word_1_82' title='bbox 769 615 902 646; x_wconf 87' lang='lat' dir='ltr'><em>numina</em></span> <span class='ocrx_word' id='word_1_83' title='bbox 930 615 1108 646; x_wconf 84' lang='lat' dir='ltr'><em>vulnerata.</em></span> <span class='ocrx_word' id='word_1_84' title='bbox 1200 629 1240 648; x_wconf 68' lang='lat' dir='ltr'><em>m</em></span> <span class='ocrx_word' id='word_1_85' title='bbox 1262 629 1316 652; x_wconf 67' lang='grc' dir='ltr'><em>ριό</em></span> <span class='ocrx_word' id='word_1_86' title='bbox 1339 619 1439 647; x_wconf 74' lang='lat' dir='ltr'><em>antem</em></span> 
     </span>
     <span class='ocr_line' id='line_1_11' title="bbox 160 669 454 709; baseline -0.003 -8"><span class='ocrx_word' id='word_1_87' title='bbox 160 670 204 701; x_wconf 81' lang='lat' dir='ltr'><em>vel</em></span> <span class='ocrx_word' id='word_1_88' title='bbox 227 670 275 701; x_wconf 83' lang='lat' dir='ltr'><em>die</em></span> <span class='ocrx_word' id='word_1_89' title='bbox 298 670 343 700; x_wconf 76' lang='lat' dir='ltr'><em>vel</em></span> <span class='ocrx_word' id='word_1_90' title='bbox 364 669 454 709; x_wconf 80' lang='lat' dir='ltr'><em>facto.</em></span> 
     </span>
    </p>

    <p class='ocr_par' dir='ltr' id='par_1_5' title="bbox 160 723 1438 817">
     <span class='ocr_line' id='line_1_12' title="bbox 252 723 1438 764; baseline 0 -10"><span class='ocrx_word' id='word_1_91' title='bbox 252 723 322 754; x_wconf 74' lang='lat'>164.</span> <span class='ocrx_word' id='word_1_92' title='bbox 360 731 612 760; x_wconf 78' lang='lat' dir='ltr'>SCELERVMQVE</span> <span class='ocrx_word' id='word_1_93' title='bbox 632 731 811 754; x_wconf 72' lang='lat' dir='ltr'><em>nwENTon</em></span> <span class='ocrx_word' id='word_1_94' title='bbox 831 731 956 754; x_wconf 72' lang='lat' dir='ltr'><em>vmxns</em></span> <span class='ocrx_word' id='word_1_95' title='bbox 977 725 1102 762; x_wconf 69' lang='lat' dir='ltr'><em>propter</em></span> <span class='ocrx_word' id='word_1_96' title='bbox 1125 733 1156 754; x_wconf 77' lang='lat' dir='ltr'><em>se</em></span> <span class='ocrx_word' id='word_1_97' title='bbox 1179 725 1206 754; x_wconf 81' lang='lat' dir='ltr'><em>et</em></span> <span class='ocrx_word' id='word_1_98' title='bbox 1228 725 1360 764; x_wconf 80' lang='lat' dir='ltr'><em>propter</em></span> <span class='ocrx_word' id='word_1_99' title='bbox 1380 723 1438 754; x_wconf 79' lang='lat' dir='ltr'><em>Pa-</em></span> 
     </span>
     <span class='ocr_line' id='line_1_13' title="bbox 160 776 782 817; baseline 0 -10"><span class='ocrx_word' id='word_1_100' title='bbox 160 776 317 808; x_wconf 86' lang='lat' dir='ltr'><em>lamedem</em></span> <span class='ocrx_word' id='word_1_101' title='bbox 342 776 482 808; x_wconf 82' lang='lat' dir='ltr'><em>occisum</em></span> <span class='ocrx_word' id='word_1_102' title='bbox 506 776 607 817; x_wconf 85' lang='lat' dir='ltr'><em>ipsius</em></span> <span class='ocrx_word' id='word_1_103' title='bbox 632 776 782 807; x_wconf 85' lang='lat' dir='ltr'><em>factione.</em></span> 
     </span>
    </p>

    <p class='ocr_par' dir='ltr' id='par_1_6' title="bbox 158 828 1439 925">
     <span class='ocr_line' id='line_1_14' title="bbox 250 828 1439 872; baseline 0 -11"><span class='ocrx_word' id='word_1_104' title='bbox 250 830 322 861; x_wconf 83' lang='lat'>165.</span> <span class='ocrx_word' id='word_1_105' title='bbox 358 839 492 861; x_wconf 83' lang='lat' dir='ltr'><strong>FATALE</strong></span> <span class='ocrx_word' id='word_1_106' title='bbox 521 831 589 861; x_wconf 78' lang='grc' dir='ltr'><em>τῶν</em></span> <span class='ocrx_word' id='word_1_107' title='bbox 612 828 722 870; x_wconf 77' lang='grc' dir='ltr'>μέσων</span> <span class='ocrx_word' id='word_1_108' title='bbox 747 831 810 861; x_wconf 84' lang='grc'>031;</span> <span class='ocrx_word' id='word_1_109' title='bbox 840 841 916 861; x_wconf 83' lang='lat' dir='ltr'><em>nam</em></span> <span class='ocrx_word' id='word_1_110' title='bbox 941 832 973 862; x_wconf 84' lang='lat' dir='ltr'><em>et</em></span> <span class='ocrx_word' id='word_1_111' title='bbox 998 831 1082 872; x_wconf 88' lang='lat' dir='ltr'><em>quod</em></span> <span class='ocrx_word' id='word_1_112' title='bbox 1112 831 1266 872; x_wconf 79' lang='lat' dir='ltr'><em>custodit,</em></span> <span class='ocrx_word' id='word_1_113' title='bbox 1297 833 1329 861; x_wconf 90' lang='lat' dir='ltr'><em>et</em></span> <span class='ocrx_word' id='word_1_114' title='bbox 1354 831 1439 871; x_wconf 85' lang='lat' dir='ltr'><em>quod</em></span> 
     </span>
     <span class='ocr_line' id='line_1_15' title="bbox 158 883 1439 925; baseline 0 -10"><span class='ocrx_word' id='word_1_115' title='bbox 158 883 319 915; x_wconf 84' lang='lat' dir='ltr'><em>interimit</em></span> <span class='ocrx_word' id='word_1_116' title='bbox 342 895 400 924; x_wconf 83' lang='lat' dir='ltr'><em>pro</em></span> <span class='ocrx_word' id='word_1_117' title='bbox 426 884 495 915; x_wconf 86' lang='grc'>1000</span> <span class='ocrx_word' id='word_1_118' title='bbox 520 883 728 925; x_wconf 81' lang='lat' dir='ltr'><em>intellegitur.</em></span> <span class='ocrx_word' id='word_1_119' title='bbox 797 893 982 915; x_wconf 76' lang='lat' dir='ltr'><strong>AVELLERE</strong></span> <span class='ocrx_word' id='word_1_120' title='bbox 1004 885 1145 916; x_wconf 83' lang='lat' dir='ltr'><em>ostendit</em></span> <span class='ocrx_word' id='word_1_121' title='bbox 1164 885 1301 916; x_wconf 86' lang='lat' dir='ltr'><em>invitum</em></span> <span class='ocrx_word' id='word_1_122' title='bbox 1320 895 1439 915; x_wconf 88' lang='lat' dir='ltr'><em>numen</em></span> 
     </span>
    </p>

    <p class='ocr_par' dir='ltr' id='par_1_7' title="bbox 125 937 426 968">
     <span class='ocr_line' id='line_1_16' title="bbox 125 937 426 968; baseline 0 0"><span class='ocrx_word' id='word_1_123' title='bbox 125 941 227 968; x_wconf 55' lang='lat' dir='ltr'><em>&#39;esse</em></span> <span class='ocrx_word' id='word_1_124' title='bbox 252 937 426 968; x_wconf 85' lang='lat' dir='ltr'><em>sublatum.</em></span> 
     </span>
    </p>

    <p class='ocr_par' dir='ltr' id='par_1_8' title="bbox 156 990 1439 1460">
     <span class='ocr_line' id='line_1_17' title="bbox 251 990 1439 1032; baseline 0.002 -11"><span class='ocrx_word' id='word_1_125' title='bbox 251 991 321 1022; x_wconf 87' lang='grc'>166.</span> <span class='ocrx_word' id='word_1_126' title='bbox 359 999 560 1022; x_wconf 79' lang='lat' dir='ltr'>PALLADIVM</span> <span class='ocrx_word' id='word_1_127' title='bbox 584 990 728 1022; x_wconf 81' lang='lat' dir='ltr'><em>Helenus</em></span> <span class='ocrx_word' id='word_1_128' title='bbox 754 991 838 1032; x_wconf 82' lang='lat' dir='ltr'><em>apud</em></span> <span class='ocrx_word' id='word_1_129' title='bbox 862 991 1016 1022; x_wconf 82' lang='lat' dir='ltr'><strong>Arisbam</strong></span> <span class='ocrx_word' id='word_1_130' title='bbox 1045 994 1158 1032; x_wconf 83' lang='lat' dir='ltr'><em>captus</em></span> <span class='ocrx_word' id='word_1_131' title='bbox 1188 1003 1207 1022; x_wconf 89' lang='lat' dir='ltr'><em>a</em></span> <span class='ocrx_word' id='word_1_132' title='bbox 1231 991 1364 1023; x_wconf 76' lang='lat' dir='ltr'><em>Graecis</em></span> <span class='ocrx_word' id='word_1_133' title='bbox 1389 994 1439 1023; x_wconf 84' lang='lat' dir='ltr'><em>est</em></span> 
     </span>
     <span class='ocr_line' id='line_1_18' title="bbox 161 1044 1436 1085; baseline 0.001 -10"><span class='ocrx_word' id='word_1_134' title='bbox 161 1046 193 1075; x_wconf 88' lang='lat' dir='ltr'><em>et</em></span> <span class='ocrx_word' id='word_1_135' title='bbox 216 1044 372 1075; x_wconf 82' lang='lat' dir='ltr'><em>indicavit</em></span> <span class='ocrx_word' id='word_1_136' title='bbox 392 1046 521 1076; x_wconf 82' lang='lat' dir='ltr'><em>coactus</em></span> <span class='ocrx_word' id='word_1_137' title='bbox 541 1044 610 1075; x_wconf 80' lang='lat' dir='ltr'><em>fata</em></span> <span class='ocrx_word' id='word_1_138' title='bbox 629 1044 782 1085; x_wconf 78' lang='lat' dir='ltr'><em>Troiana,</em></span> <span class='ocrx_word' id='word_1_139' title='bbox 802 1045 836 1075; x_wconf 88' lang='lat' dir='ltr'><em>in</em></span> <span class='ocrx_word' id='word_1_140' title='bbox 856 1045 970 1085; x_wconf 89' lang='lat' dir='ltr'><em>quibus</em></span> <span class='ocrx_word' id='word_1_141' title='bbox 991 1045 1090 1076; x_wconf 85' lang='lat' dir='ltr'><em>etiam</em></span> <span class='ocrx_word' id='word_1_142' title='bbox 1111 1045 1148 1076; x_wconf 86' lang='lat' dir='ltr'><em>de</em></span> <span class='ocrx_word' id='word_1_143' title='bbox 1168 1045 1324 1077; x_wconf 83' lang='lat' dir='ltr'><em>Palladio.</em></span> <span class='ocrx_word' id='word_1_144' title='bbox 1353 1046 1436 1076; x_wconf 87' lang='lat' dir='ltr'><em>unde</em></span> 
     </span>
     <span class='ocr_line' id='line_1_19' title="bbox 160 1097 1438 1140; baseline 0.002 -12"><span class='ocrx_word' id='word_1_145' title='bbox 160 1097 277 1128; x_wconf 83' lang='lat' dir='ltr'><em>dieitur</em></span> <span class='ocrx_word' id='word_1_146' title='bbox 311 1109 329 1128; x_wconf 83' lang='lat' dir='ltr'><em>a</em></span> <span class='ocrx_word' id='word_1_147' title='bbox 358 1097 482 1139; x_wconf 83' lang='lat' dir='ltr'><em>Pyrrho</em></span> <span class='ocrx_word' id='word_1_148' title='bbox 516 1108 618 1138; x_wconf 81' lang='lat' dir='ltr'><em>regna</em></span> <span class='ocrx_word' id='word_1_149' title='bbox 646 1097 813 1129; x_wconf 84' lang='lat' dir='ltr'><em>meruisse:</em></span> <span class='ocrx_word' id='word_1_150' title='bbox 846 1109 1041 1139; x_wconf 88' lang='lat' dir='ltr'><em>quamquam</em></span> <span class='ocrx_word' id='word_1_151' title='bbox 1074 1099 1277 1139; x_wconf 83' lang='lat' dir='ltr'><em>praestiterit</em></span> <span class='ocrx_word' id='word_1_152' title='bbox 1305 1099 1438 1140; x_wconf 70' lang='lat' dir='ltr'><em>Pyrrho,</em></span> 
     </span>
     <span class='ocr_line' id='line_1_20' title="bbox 158 1151 1438 1197; baseline 0.002 -16"><span class='ocrx_word' id='word_1_153' title='bbox 158 1153 194 1181; x_wconf 92' lang='lat' dir='ltr'><em>ut</em></span> <span class='ocrx_word' id='word_1_154' title='bbox 226 1161 284 1191; x_wconf 83' lang='lat' dir='ltr'><em>per</em></span> <span class='ocrx_word' id='word_1_155' title='bbox 316 1153 438 1181; x_wconf 86' lang='lat' dir='ltr'><em>terram</em></span> <span class='ocrx_word' id='word_1_156' title='bbox 470 1151 603 1191; x_wconf 79' lang='lat' dir='ltr'><em>rediret,</em></span> <span class='ocrx_word' id='word_1_157' title='bbox 638 1151 744 1182; x_wconf 81' lang='lat' dir='ltr'><em>dicens</em></span> <span class='ocrx_word' id='word_1_158' title='bbox 779 1162 888 1182; x_wconf 90' lang='lat' dir='ltr'><em>omnes</em></span> <span class='ocrx_word' id='word_1_159' title='bbox 919 1151 1071 1189; x_wconf 76' lang='lat' dir='ltr'><em>Graecos,</em></span> <span class='ocrx_word' id='word_1_160' title='bbox 1106 1153 1190 1194; x_wconf 85' lang='lat' dir='ltr'><em>quod</em></span> <span class='ocrx_word' id='word_1_161' title='bbox 1225 1156 1256 1184; x_wconf 84' lang='lat' dir='ltr'><em>et</em></span> <span class='ocrx_word' id='word_1_162' title='bbox 1290 1153 1438 1197; x_wconf 76' lang='lat' dir='ltr'><em>contigit,</em></span> 
     </span>
     <span class='ocr_line' id='line_1_21' title="bbox 156 1203 1436 1246; baseline 0.004 -12"><span class='ocrx_word' id='word_1_163' title='bbox 156 1203 327 1245; x_wconf 83' lang='lat' dir='ltr'><em>naufragio</em></span> <span class='ocrx_word' id='word_1_164' title='bbox 353 1214 421 1235; x_wconf 88' lang='lat' dir='ltr'><em>esse</em></span> <span class='ocrx_word' id='word_1_165' title='bbox 445 1204 615 1244; x_wconf 84' lang='lat' dir='ltr'><em>perituros.</em></span> <span class='ocrx_word' id='word_1_166' title='bbox 661 1205 720 1236; x_wconf 77' lang='lat' dir='ltr'><em>alii</em></span> <span class='ocrx_word' id='word_1_167' title='bbox 748 1206 854 1236; x_wconf 76' lang='lat' dir='ltr'><em>dieunt</em></span> <span class='ocrx_word' id='word_1_168' title='bbox 876 1205 1028 1236; x_wconf 76' lang='lat' dir='ltr'><em>Helenmn</em></span> <span class='ocrx_word' id='word_1_169' title='bbox 1059 1216 1120 1237; x_wconf 78' lang='lat' dir='ltr'><em>mm</em></span> <span class='ocrx_word' id='word_1_170' title='bbox 1150 1209 1285 1246; x_wconf 73' lang='lat' dir='ltr'><em>captam,</em></span> <span class='ocrx_word' id='word_1_171' title='bbox 1313 1209 1365 1239; x_wconf 85' lang='lat' dir='ltr'><em>sed</em></span> <span class='ocrx_word' id='word_1_172' title='bbox 1387 1209 1436 1239; x_wconf 76' lang='lat' dir='ltr'><em>do-</em></span> 
     </span>
     <span class='ocr_line' id='line_1_22' title="bbox 158 1257 1439 1301; baseline 0.004 -14"><span class='ocrx_word' id='word_1_173' title='bbox 158 1257 231 1296; x_wconf 77' lang='lat' dir='ltr'><em>lore,</em></span> <span class='ocrx_word' id='word_1_174' title='bbox 260 1257 340 1295; x_wconf 75' lang='lat' dir='ltr'><em>qaod</em></span> <span class='ocrx_word' id='word_1_175' title='bbox 360 1259 433 1296; x_wconf 70' lang='lat' dir='ltr'><em>post</em></span> <span class='ocrx_word' id='word_1_176' title='bbox 460 1259 586 1288; x_wconf 41' lang='lat' dir='ltr'><em>‘mortem</em></span> <span class='ocrx_word' id='word_1_177' title='bbox 610 1257 738 1289; x_wconf 75' lang='lat' dir='ltr'><em>Paridis</em></span> <span class='ocrx_word' id='word_1_178' title='bbox 762 1257 883 1288; x_wconf 71' lang='lat' dir='ltr'><em>Helena</em></span> <span class='ocrx_word' id='word_1_179' title='bbox 913 1258 1022 1289; x_wconf 76' lang='lat' dir='ltr'><em>indicio</em></span> <span class='ocrx_word' id='word_1_180' title='bbox 1046 1259 1175 1290; x_wconf 75' lang='lat' dir='ltr'><em>Priami</em></span> <span class='ocrx_word' id='word_1_181' title='bbox 1202 1271 1264 1291; x_wconf 71' lang='lat' dir='ltr'><em>uon</em></span> <span class='ocrx_word' id='word_1_182' title='bbox 1287 1261 1358 1301; x_wconf 81' lang='lat' dir='ltr'><em>sibi,</em></span> <span class='ocrx_word' id='word_1_183' title='bbox 1386 1262 1439 1293; x_wconf 77' lang='lat' dir='ltr'><em>sed</em></span> 
     </span>
     <span class='ocr_line' id='line_1_23' title="bbox 157 1309 1435 1353; baseline 0.003 -12"><span class='ocrx_word' id='word_1_184' title='bbox 157 1309 313 1350; x_wconf 71' lang='lat' dir='ltr'><em>Deiphobo</em></span> <span class='ocrx_word' id='word_1_185' title='bbox 337 1312 411 1341; x_wconf 86' lang='lat' dir='ltr'><em>esset</em></span> <span class='ocrx_word' id='word_1_186' title='bbox 433 1310 624 1351; x_wconf 73' lang='lat' dir='ltr'><em>adindieata,</em></span> <span class='ocrx_word' id='word_1_187' title='bbox 648 1311 682 1341; x_wconf 74' lang='lat' dir='ltr'><em>in</em></span> <span class='ocrx_word' id='word_1_188' title='bbox 705 1310 799 1341; x_wconf 79' lang='lat' dir='ltr'><em>Idam</em></span> <span class='ocrx_word' id='word_1_189' title='bbox 822 1314 954 1342; x_wconf 70' lang='lat' dir='ltr'><em>montem</em></span> <span class='ocrx_word' id='word_1_190' title='bbox 975 1312 1103 1353; x_wconf 52' lang='lat' dir='ltr'><em>sivisse,</em></span> <span class='ocrx_word' id='word_1_191' title='bbox 1132 1315 1221 1352; x_wconf 75' lang='lat' dir='ltr'><em>atque</em></span> <span class='ocrx_word' id='word_1_192' title='bbox 1244 1314 1350 1345; x_wconf 64' lang='lat' dir='ltr'><em>eartnde</em></span> <span class='ocrx_word' id='word_1_193' title='bbox 1374 1325 1435 1346; x_wconf 82' lang='lat' dir='ltr'><em>mo-</em></span> 
     </span>
     <span class='ocr_line' id='line_1_24' title="bbox 157 1362 1435 1405; baseline 0.004 -11"><span class='ocrx_word' id='word_1_194' title='bbox 157 1365 243 1394; x_wconf 75' lang='lat' dir='ltr'><em>nente</em></span> <span class='ocrx_word' id='word_1_195' title='bbox 266 1362 430 1394; x_wconf 75' lang='lat' dir='ltr'><em>Calchante</em></span> <span class='ocrx_word' id='word_1_196' title='bbox 446 1364 631 1403; x_wconf 70' lang='lat' dir='ltr'><em>prodactam</em></span> <span class='ocrx_word' id='word_1_197' title='bbox 650 1365 685 1395; x_wconf 79' lang='lat' dir='ltr'><em>(le</em></span> <span class='ocrx_word' id='word_1_198' title='bbox 706 1364 849 1395; x_wconf 77' lang='lat' dir='ltr'><em>Palladio</em></span> <span class='ocrx_word' id='word_1_199' title='bbox 871 1375 929 1404; x_wconf 73' lang='lat' dir='ltr'><em>pro</em></span> <span class='ocrx_word' id='word_1_200' title='bbox 952 1366 1020 1396; x_wconf 74' lang='lat' dir='ltr'><em>odio</em></span> <span class='ocrx_word' id='word_1_201' title='bbox 1039 1367 1221 1405; x_wconf 73' lang='lat' dir='ltr'><em>prodidisse.</em></span> <span class='ocrx_word' id='word_1_202' title='bbox 1264 1369 1339 1398; x_wconf 84' lang='lat' dir='ltr'><em>tunc</em></span> <span class='ocrx_word' id='word_1_203' title='bbox 1359 1366 1435 1399; x_wconf 78' lang='lat' dir='ltr'><em>Dio-</em></span> 
     </span>
     <span class='ocr_line' id='line_1_25' title="bbox 158 1416 1435 1460; baseline 0.004 -13"><span class='ocrx_word' id='word_1_204' title='bbox 158 1416 264 1447; x_wconf 81' lang='lat' dir='ltr'><em>medes</em></span> <span class='ocrx_word' id='word_1_205' title='bbox 290 1418 322 1447; x_wconf 86' lang='lat' dir='ltr'><em>et</em></span> <span class='ocrx_word' id='word_1_206' title='bbox 346 1416 472 1457; x_wconf 80' lang='lat' dir='ltr'><em>Ulixes,</em></span> <span class='ocrx_word' id='word_1_207' title='bbox 496 1418 532 1447; x_wconf 88' lang='lat' dir='ltr'><em>ut</em></span> <span class='ocrx_word' id='word_1_208' title='bbox 557 1417 612 1448; x_wconf 89' lang='lat' dir='ltr'><em>alii</em></span> <span class='ocrx_word' id='word_1_209' title='bbox 636 1417 759 1458; x_wconf 80' lang='lat' dir='ltr'><em>dieunt,</em></span> <span class='ocrx_word' id='word_1_210' title='bbox 785 1418 954 1457; x_wconf 80' lang='lat' dir='ltr'><em>cuniculis,</em></span> <span class='ocrx_word' id='word_1_211' title='bbox 984 1420 1019 1450; x_wconf 86' lang='lat' dir='ltr'><em>ut</em></span> <span class='ocrx_word' id='word_1_212' title='bbox 1043 1420 1113 1460; x_wconf 84' lang='lat' dir='ltr'><em>alii,</em></span> <span class='ocrx_word' id='word_1_213' title='bbox 1143 1420 1260 1451; x_wconf 75' lang='lat' dir='ltr'><em>cloacis</em></span> <span class='ocrx_word' id='word_1_214' title='bbox 1286 1422 1435 1453; x_wconf 82' lang='lat' dir='ltr'><em>aseende-</em></span> 
     </span>
    </p>
   </div>
   <div class='ocr_carea' id='block_1_3' title="bbox 158 1470 1484 1514">
    <p class='ocr_par' dir='ltr' id='par_1_9' title="bbox 158 1470 1484 1514">
     <span class='ocr_line' id='line_1_26' title="bbox 158 1470 1484 1514; baseline 0.005 -14"><span class='ocrx_word' id='word_1_215' title='bbox 158 1471 234 1501; x_wconf 87' lang='lat' dir='ltr'><em>runt</em></span> <span class='ocrx_word' id='word_1_216' title='bbox 263 1480 381 1510; x_wconf 82' lang='lat' dir='ltr'><em>arcem,</em></span> <span class='ocrx_word' id='word_1_217' title='bbox 415 1471 447 1500; x_wconf 87' lang='lat' dir='ltr'><em>et</em></span> <span class='ocrx_word' id='word_1_218' title='bbox 480 1470 592 1501; x_wconf 82' lang='lat' dir='ltr'><em>occisis</em></span> <span class='ocrx_word' id='word_1_219' title='bbox 622 1471 809 1502; x_wconf 71' lang='lat' dir='ltr'><em>custodibus</em></span> <span class='ocrx_word' id='word_1_220' title='bbox 839 1472 996 1503; x_wconf 72' lang='lat' dir='ltr'><em>sustulere</em></span> <span class='ocrx_word' id='word_1_221' title='bbox 1026 1473 1243 1504; x_wconf 83' lang='lat' dir='ltr'><em>simulacrum.</em></span> <span class='ocrx_word' id='word_1_222' title='bbox 1281 1475 1335 1514; x_wconf 68' lang='lat' dir='ltr'><em>qui</em></span> <span class='ocrx_word' id='word_1_223' title='bbox 1366 1486 1432 1506; x_wconf 75' lang='lat' dir='ltr'><em>eum</em></span> <span class='ocrx_word' id='word_1_224' title='bbox 1474 1483 1484 1495; x_wconf 60' lang='lat' dir='ltr'>f</span> 
     </span>
    </p>
   </div>
   <div class='ocr_carea' id='block_1_4' title="bbox 230 1566 1434 1603">
    <p class='ocr_par' dir='ltr' id='par_1_10' title="bbox 230 1566 1434 1603">
     <span class='ocr_line' id='line_1_27' title="bbox 230 1566 1434 1603; baseline 0.005 -12"><span class='ocrx_word' id='word_1_225' title='bbox 230 1570 260 1592; x_wconf 75' lang='grc'><em>16</em></span> <span class='ocrx_word' id='word_1_226' title='bbox 280 1566 402 1592; x_wconf 85' lang='lat' dir='ltr'><em>Helenus</em></span> <span class='ocrx_word' id='word_1_227' title='bbox 422 1566 496 1600; x_wconf 78' lang='lat' dir='ltr'><em>apud</em></span> <span class='ocrx_word' id='word_1_228' title='bbox 516 1566 645 1593; x_wconf 78' lang='lat' dir='ltr'><em>Arisbam</em></span> <span class='ocrx_word' id='word_1_229' title='bbox 666 1575 687 1593; x_wconf 83' lang='lat' dir='ltr'><em>e.</em></span> <span class='ocrx_word' id='word_1_230' title='bbox 700 1577 725 1601; x_wconf 88' lang='lat' dir='ltr'><em>q.</em></span> <span class='ocrx_word' id='word_1_231' title='bbox 737 1576 756 1594; x_wconf 85' lang='lat' dir='ltr'><em>s.</em></span> <span class='ocrx_word' id='word_1_232' title='bbox 777 1575 821 1601; x_wconf 81' lang='lat' dir='ltr'><em>ap.</em></span> <span class='ocrx_word' id='word_1_233' title='bbox 839 1568 965 1595; x_wconf 77' lang='lat' dir='ltr'><em>Servium</em></span> <span class='ocrx_word' id='word_1_234' title='bbox 986 1577 1070 1595; x_wconf 78' lang='lat' dir='ltr'><em>exscr.</em></span> <span class='ocrx_word' id='word_1_235' title='bbox 1091 1570 1229 1603; x_wconf 73' lang='lat' dir='ltr'><em>mythogr.</em></span> <span class='ocrx_word' id='word_1_236' title='bbox 1246 1571 1255 1596; x_wconf 94' lang='grc' dir='ltr'>Ι</span> <span class='ocrx_word' id='word_1_237' title='bbox 1271 1574 1312 1597; x_wconf 73' lang='lat'><em>40.</em></span> <span class='ocrx_word' id='word_1_238' title='bbox 1335 1572 1363 1597; x_wconf 78' lang='lat' dir='ltr'><em>ef</em></span> <span class='ocrx_word' id='word_1_239' title='bbox 1386 1575 1434 1597; x_wconf 69' lang='lat'><em>142</em></span> 
     </span>
    </p>
   </div>
   <div class='ocr_carea' id='block_1_5' title="bbox 154 1656 1435 2226">
    <p class='ocr_par' dir='ltr' id='par_1_11' title="bbox 154 1656 1435 2226">
     <span class='ocr_line' id='line_1_28' title="bbox 227 1656 1435 1692; baseline 0.004 -11"><span class='ocrx_word' id='word_1_240' title='bbox 227 1659 244 1682; x_wconf 85' lang='lat'>4</span> <span class='ocrx_word' id='word_1_241' title='bbox 263 1656 300 1682; x_wconf 82' lang='lat' dir='ltr'><em>ad</em></span> <span class='ocrx_word' id='word_1_242' title='bbox 320 1664 341 1682; x_wconf 67' lang='lat' dir='ltr'><em>v.</em></span> <span class='ocrx_word' id='word_1_243' title='bbox 360 1659 409 1682; x_wconf 77' lang='lat'><em>162</em></span> <span class='ocrx_word' id='word_1_244' title='bbox 430 1656 526 1682; x_wconf 85' lang='lat' dir='ltr'><em>Omnis</em></span> <span class='ocrx_word' id='word_1_245' title='bbox 546 1665 608 1690; x_wconf 87' lang='lat' dir='ltr'><em>spes</em></span> <span class='ocrx_word' id='word_1_246' title='bbox 628 1657 767 1691; x_wconf 87' lang='lat' dir='ltr'><em>Danaum]</em></span> <span class='ocrx_word' id='word_1_247' title='bbox 787 1665 863 1683; x_wconf 88' lang='lat' dir='ltr'><em>more</em></span> <span class='ocrx_word' id='word_1_248' title='bbox 883 1666 931 1684; x_wconf 90' lang='grc'>3110</span> <span class='ocrx_word' id='word_1_249' title='bbox 952 1679 957 1684; x_wconf 91' lang='grc'><em>.</em></span> <span class='ocrx_word' id='word_1_250' title='bbox 975 1679 980 1684; x_wconf 83' lang='lat'><strong>.</strong></span> <span class='ocrx_word' id='word_1_251' title='bbox 997 1680 1003 1685; x_wconf 91' lang='lat'>.</span> <span class='ocrx_word' id='word_1_252' title='bbox 1023 1668 1072 1692; x_wconf 87' lang='lat' dir='ltr'><em>per</em></span> <span class='ocrx_word' id='word_1_253' title='bbox 1092 1660 1119 1685; x_wconf 82' lang='grc'><em>01</em></span> <span class='ocrx_word' id='word_1_254' title='bbox 1138 1667 1236 1685; x_wconf 84' lang='lat' dir='ltr'><em>remos.</em></span> <span class='ocrx_word' id='word_1_255' title='bbox 1261 1660 1287 1685; x_wconf 79' lang='lat' dir='ltr'><em>P</em></span> <span class='ocrx_word' id='word_1_256' title='bbox 1300 1660 1308 1692; x_wconf 89' lang='grc' dir='ltr'><em>ΙΙ</em></span> <span class='ocrx_word' id='word_1_257' title='bbox 1324 1664 1338 1685; x_wconf 81' lang='lat'>5</span> <span class='ocrx_word' id='word_1_258' title='bbox 1359 1660 1435 1686; x_wconf 78' lang='lat' dir='ltr'><em>fauet</em></span> 
     </span>
     <span class='ocr_line' id='line_1_29' title="bbox 159 1691 1434 1728; baseline 0.003 -11"><span class='ocrx_word' id='word_1_259' title='bbox 159 1692 228 1717; x_wconf 83' lang='lat' dir='ltr'><em>MP</em></span> <span class='ocrx_word' id='word_1_260' title='bbox 245 1691 348 1717; x_wconf 74' lang='lat' dir='ltr'><em>Daniel</em></span> <span class='ocrx_word' id='word_1_261' title='bbox 367 1693 376 1724; x_wconf 79' lang='grc' dir='ltr'>Η</span> <span class='ocrx_word' id='word_1_262' title='bbox 400 1692 556 1726; x_wconf 75' lang='lat' dir='ltr'><em>constabat]</em></span> <span class='ocrx_word' id='word_1_263' title='bbox 578 1694 674 1718; x_wconf 84' lang='lat' dir='ltr'><em>contra</em></span> <span class='ocrx_word' id='word_1_264' title='bbox 695 1693 722 1718; x_wconf 89' lang='lat' dir='ltr'><strong><em>P</em></strong></span> <span class='ocrx_word' id='word_1_265' title='bbox 740 1694 850 1719; x_wconf 76' lang='lat' dir='ltr'><em>constat</em></span> <span class='ocrx_word' id='word_1_266' title='bbox 868 1693 897 1718; x_wconf 89' lang='lat' dir='ltr'><em>E</em></span> <span class='ocrx_word' id='word_1_267' title='bbox 915 1696 939 1719; x_wconf 84' lang='lat' dir='ltr'><em>et</em></span> <span class='ocrx_word' id='word_1_268' title='bbox 958 1694 1063 1720; x_wconf 74' lang='lat' dir='ltr'><em>Daniel</em></span> <span class='ocrx_word' id='word_1_269' title='bbox 1082 1695 1242 1727; x_wconf 82' lang='lat' dir='ltr'><em>(constabat</em></span> <span class='ocrx_word' id='word_1_270' title='bbox 1261 1697 1282 1727; x_wconf 67' lang='lat' dir='ltr'><em>e)</em></span> <span class='ocrx_word' id='word_1_271' title='bbox 1306 1696 1315 1728; x_wconf 74' lang='grc'><em>11</em></span> <span class='ocrx_word' id='word_1_272' title='bbox 1336 1699 1349 1720; x_wconf 78' lang='grc'><strong>7</strong></span> <span class='ocrx_word' id='word_1_273' title='bbox 1370 1704 1434 1722; x_wconf 80' lang='lat' dir='ltr'><em>nam</em></span> 
     </span>
     <span class='ocr_line' id='line_1_30' title="bbox 156 1727 1434 1765; baseline 0.004 -12"><span class='ocrx_word' id='word_1_274' title='bbox 156 1736 205 1753; x_wconf 83' lang='lat' dir='ltr'><em>om.</em></span> <span class='ocrx_word' id='word_1_275' title='bbox 228 1727 254 1752; x_wconf 90' lang='lat' dir='ltr'><em>P</em></span> <span class='ocrx_word' id='word_1_276' title='bbox 272 1729 295 1753; x_wconf 86' lang='lat' dir='ltr'><em>et</em></span> <span class='ocrx_word' id='word_1_277' title='bbox 314 1727 417 1753; x_wconf 73' lang='lat' dir='ltr'><em>Daniel</em></span> <span class='ocrx_word' id='word_1_278' title='bbox 440 1728 449 1761; x_wconf 81' lang='grc' dir='ltr'><em>ΙΙ</em></span> <span class='ocrx_word' id='word_1_279' title='bbox 473 1728 643 1762; x_wconf 81' lang='lat' dir='ltr'><em>ysterologia</em></span> <span class='ocrx_word' id='word_1_280' title='bbox 662 1728 687 1753; x_wconf 88' lang='lat' dir='ltr'><em>L</em></span> <span class='ocrx_word' id='word_1_281' title='bbox 715 1728 878 1762; x_wconf 82' lang='lat' dir='ltr'><em>isterologia</em></span> <span class='ocrx_word' id='word_1_282' title='bbox 897 1729 930 1754; x_wconf 85' lang='lat' dir='ltr'><em>H</em></span> <span class='ocrx_word' id='word_1_283' title='bbox 951 1729 1134 1764; x_wconf 82' lang='lat' dir='ltr'><em>histerologia</em></span> <span class='ocrx_word' id='word_1_284' title='bbox 1155 1731 1212 1756; x_wconf 75' lang='lat' dir='ltr'><em>Mh</em></span> <span class='ocrx_word' id='word_1_285' title='bbox 1239 1731 1361 1764; x_wconf 82' lang='lat' dir='ltr'><em>sterogia</em></span> <span class='ocrx_word' id='word_1_286' title='bbox 1383 1732 1409 1756; x_wconf 81' lang='lat' dir='ltr'><strong><em>P</em></strong></span> <span class='ocrx_word' id='word_1_287' title='bbox 1427 1732 1434 1765; x_wconf 73' lang='grc' dir='ltr'><em>ῘΙ</em></span> 
     </span>
     <span class='ocr_line' id='line_1_31' title="bbox 157 1763 1432 1798; baseline 0.003 -10"><span class='ocrx_word' id='word_1_288' title='bbox 157 1763 200 1788; x_wconf 86' lang='lat' dir='ltr'><em>est</em></span> <span class='ocrx_word' id='word_1_289' title='bbox 218 1770 266 1788; x_wconf 80' lang='lat' dir='ltr'><em>om.</em></span> <span class='ocrx_word' id='word_1_290' title='bbox 289 1763 316 1787; x_wconf 92' lang='lat' dir='ltr'><strong><em>P</em></strong></span> <span class='ocrx_word' id='word_1_291' title='bbox 333 1765 356 1788; x_wconf 76' lang='lat' dir='ltr'><em>et</em></span> <span class='ocrx_word' id='word_1_292' title='bbox 377 1763 479 1789; x_wconf 76' lang='lat' dir='ltr'><em>Daniel</em></span> <span class='ocrx_word' id='word_1_293' title='bbox 493 1764 502 1796; x_wconf 82' lang='grc' dir='ltr'><em>ΙΙ</em></span> <span class='ocrx_word' id='word_1_294' title='bbox 517 1766 531 1789; x_wconf 82' lang='grc'><strong>9</strong></span> <span class='ocrx_word' id='word_1_295' title='bbox 552 1764 589 1789; x_wconf 83' lang='lat' dir='ltr'><em>ad</em></span> <span class='ocrx_word' id='word_1_296' title='bbox 607 1772 630 1790; x_wconf 78' lang='lat' dir='ltr'><em>v.</em></span> <span class='ocrx_word' id='word_1_297' title='bbox 649 1767 697 1789; x_wconf 77' lang='grc'><em>163</em></span> <span class='ocrx_word' id='word_1_298' title='bbox 718 1763 835 1798; x_wconf 86' lang='lat' dir='ltr'><em>Impius]</em></span> <span class='ocrx_word' id='word_1_299' title='bbox 857 1766 970 1798; x_wconf 83' lang='lat' dir='ltr'><em>propter</em></span> <span class='ocrx_word' id='word_1_300' title='bbox 989 1766 1104 1792; x_wconf 76' lang='lat' dir='ltr'><em>numina</em></span> <span class='ocrx_word' id='word_1_301' title='bbox 1122 1767 1269 1792; x_wconf 77' lang='lat' dir='ltr'><em>uulnerata</em></span> <span class='ocrx_word' id='word_1_302' title='bbox 1288 1766 1432 1798; x_wconf 75' lang='lat' dir='ltr'><em>(uulnera).</em></span> 
     </span>
     <span class='ocr_line' id='line_1_32' title="bbox 156 1798 1435 1837; baseline 0.004 -14"><span class='ocrx_word' id='word_1_303' title='bbox 156 1798 196 1824; x_wconf 79' lang='lat' dir='ltr'><em>Ex</em></span> <span class='ocrx_word' id='word_1_304' title='bbox 215 1798 282 1832; x_wconf 88' lang='lat' dir='ltr'><em>quo]</em></span> <span class='ocrx_word' id='word_1_305' title='bbox 303 1799 397 1824; x_wconf 83' lang='lat' dir='ltr'><em>autem</em></span> <span class='ocrx_word' id='word_1_306' title='bbox 415 1798 461 1824; x_wconf 91' lang='lat' dir='ltr'><em>uel</em></span> <span class='ocrx_word' id='word_1_307' title='bbox 481 1799 525 1824; x_wconf 86' lang='lat' dir='ltr'><em>die</em></span> <span class='ocrx_word' id='word_1_308' title='bbox 545 1799 590 1825; x_wconf 86' lang='lat' dir='ltr'><em>uel</em></span> <span class='ocrx_word' id='word_1_309' title='bbox 615 1799 698 1825; x_wconf 83' lang='lat' dir='ltr'><em>facto.</em></span> <span class='ocrx_word' id='word_1_310' title='bbox 726 1799 752 1824; x_wconf 88' lang='lat' dir='ltr'><strong><em>P</em></strong></span> <span class='ocrx_word' id='word_1_311' title='bbox 774 1801 782 1833; x_wconf 83' lang='grc' dir='ltr'>Η</span> <span class='ocrx_word' id='word_1_312' title='bbox 806 1800 922 1833; x_wconf 85' lang='lat' dir='ltr'><em>impium</em></span> <span class='ocrx_word' id='word_1_313' title='bbox 947 1809 1012 1827; x_wconf 86' lang='lat' dir='ltr'><em>uero</em></span> <span class='ocrx_word' id='word_1_314' title='bbox 1032 1801 1097 1826; x_wconf 87' lang='lat' dir='ltr'><em>LH</em></span> <span class='ocrx_word' id='word_1_315' title='bbox 1101 1802 1137 1827; x_wconf 80' lang='lat' dir='ltr'><em>M</em></span> <span class='ocrx_word' id='word_1_316' title='bbox 1141 1802 1171 1827; x_wconf 90' lang='lat' dir='ltr'><em>E</em></span> <span class='ocrx_word' id='word_1_317' title='bbox 1193 1803 1201 1835; x_wconf 77' lang='grc' dir='ltr'>Η</span> <span class='ocrx_word' id='word_1_318' title='bbox 1224 1802 1379 1836; x_wconf 54' lang='lat' dir='ltr'><em>uulneratu„</em></span> <span class='ocrx_word' id='word_1_319' title='bbox 1393 1803 1435 1837; x_wconf 48' lang='grc' dir='ltr'><em>Μ]</em></span> 
     </span>
     <span class='ocr_line' id='line_1_33' title="bbox 157 1834 1433 1868; baseline 0.003 -9"><span class='ocrx_word' id='word_1_320' title='bbox 157 1834 264 1859; x_wconf 75' lang='lat' dir='ltr'><em>(laabzis</em></span> <span class='ocrx_word' id='word_1_321' title='bbox 283 1834 379 1859; x_wconf 76' lang='lat' dir='ltr'><em>litteris</em></span> <span class='ocrx_word' id='word_1_322' title='bbox 399 1835 483 1860; x_wconf 75' lang='lat' dir='ltr'><em>erasis</em></span> <span class='ocrx_word' id='word_1_323' title='bbox 504 1834 540 1859; x_wconf 82' lang='lat' dir='ltr'><em>M</em></span> <span class='ocrx_word' id='word_1_324' title='bbox 558 1835 716 1868; x_wconf 83' lang='lat' dir='ltr'><em>(uulnerata</em></span> <span class='ocrx_word' id='word_1_325' title='bbox 735 1836 778 1867; x_wconf 81' lang='lat' dir='ltr'><em>m).</em></span> <span class='ocrx_word' id='word_1_326' title='bbox 818 1836 964 1862; x_wconf 83' lang='lat' dir='ltr'><em>uulnerata</em></span> <span class='ocrx_word' id='word_1_327' title='bbox 983 1837 1098 1863; x_wconf 81' lang='lat' dir='ltr'><em>numina</em></span> <span class='ocrx_word' id='word_1_328' title='bbox 1116 1837 1233 1863; x_wconf 80' lang='lat' dir='ltr'><em>Martem</em></span> <span class='ocrx_word' id='word_1_329' title='bbox 1254 1839 1283 1863; x_wconf 81' lang='lat' dir='ltr'><em>et</em></span> <span class='ocrx_word' id='word_1_330' title='bbox 1297 1838 1433 1864; x_wconf 80' lang='lat' dir='ltr'><em>Venerem</em></span> 
     </span>
     <span class='ocr_line' id='line_1_34' title="bbox 157 1869 1432 1906; baseline 0.004 -12"><span class='ocrx_word' id='word_1_331' title='bbox 157 1869 307 1894; x_wconf 74' lang='lat' dir='ltr'><em>Fabricius</em></span> <span class='ocrx_word' id='word_1_332' title='bbox 322 1870 331 1902; x_wconf 87' lang='grc' dir='ltr'><em>ΙΙ</em></span> <span class='ocrx_word' id='word_1_333' title='bbox 347 1872 377 1894; x_wconf 90' lang='grc'><em>11</em></span> <span class='ocrx_word' id='word_1_334' title='bbox 394 1870 430 1895; x_wconf 76' lang='lat' dir='ltr'><em>acl</em></span> <span class='ocrx_word' id='word_1_335' title='bbox 445 1878 467 1895; x_wconf 85' lang='lat' dir='ltr'><em>v.</em></span> <span class='ocrx_word' id='word_1_336' title='bbox 481 1872 531 1896; x_wconf 74' lang='lat'><em>164</em></span> <span class='ocrx_word' id='word_1_337' title='bbox 547 1870 743 1903; x_wconf 85' lang='lat' dir='ltr'><em>Scelerumque</em></span> <span class='ocrx_word' id='word_1_338' title='bbox 757 1871 885 1898; x_wconf 79' lang='lat' dir='ltr'><em>inuentor</em></span> <span class='ocrx_word' id='word_1_339' title='bbox 896 1872 1002 1906; x_wconf 78' lang='lat' dir='ltr'><em>Ulixes]</em></span> <span class='ocrx_word' id='word_1_340' title='bbox 1018 1874 1134 1906; x_wconf 84' lang='lat' dir='ltr'><em>propter</em></span> <span class='ocrx_word' id='word_1_341' title='bbox 1149 1882 1176 1898; x_wconf 83' lang='lat' dir='ltr'><em>se</em></span> <span class='ocrx_word' id='word_1_342' title='bbox 1193 1874 1221 1899; x_wconf 83' lang='grc'><em>01</em></span> <span class='ocrx_word' id='word_1_343' title='bbox 1235 1874 1348 1906; x_wconf 76' lang='lat' dir='ltr'><em>propter</em></span> <span class='ocrx_word' id='word_1_344' title='bbox 1364 1874 1432 1906; x_wconf 79' lang='lat' dir='ltr'><em>pali-</em></span> 
     </span>
     <span class='ocr_line' id='line_1_35' title="bbox 157 1904 1432 1942; baseline 0.004 -12"><span class='ocrx_word' id='word_1_345' title='bbox 157 1904 251 1930; x_wconf 83' lang='lat' dir='ltr'><em>medes</em></span> <span class='ocrx_word' id='word_1_346' title='bbox 267 1905 340 1937; x_wconf 74' lang='lat' dir='ltr'><em>(sies)</em></span> <span class='ocrx_word' id='word_1_347' title='bbox 362 1904 482 1930; x_wconf 80' lang='lat' dir='ltr'><em>factione</em></span> <span class='ocrx_word' id='word_1_348' title='bbox 499 1904 629 1932; x_wconf 78' lang='lat' dir='ltr'><em>occisum.</em></span> <span class='ocrx_word' id='word_1_349' title='bbox 652 1906 678 1930; x_wconf 84' lang='lat' dir='ltr'><strong><em>P</em></strong></span> <span class='ocrx_word' id='word_1_350' title='bbox 691 1907 699 1939; x_wconf 82' lang='grc' dir='ltr'><em>ΙΙ</em></span> <span class='ocrx_word' id='word_1_351' title='bbox 714 1908 829 1940; x_wconf 84' lang='lat' dir='ltr'><em>propter</em></span> <span class='ocrx_word' id='word_1_352' title='bbox 844 1915 872 1933; x_wconf 83' lang='lat' dir='ltr'><em>se</em></span> <span class='ocrx_word' id='word_1_353' title='bbox 888 1908 917 1933; x_wconf 84' lang='lat' dir='ltr'><em>et</em></span> <span class='ocrx_word' id='word_1_354' title='bbox 931 1916 980 1933; x_wconf 77' lang='lat' dir='ltr'><em>om.</em></span> <span class='ocrx_word' id='word_1_355' title='bbox 996 1908 1101 1934; x_wconf 75' lang='lat' dir='ltr'><em>Daniel</em></span> <span class='ocrx_word' id='word_1_356' title='bbox 1120 1909 1165 1934; x_wconf 86' lang='grc'>1101</span> <span class='ocrx_word' id='word_1_357' title='bbox 1185 1911 1247 1934; x_wconf 80' lang='lat' dir='ltr'><em>ante</em></span> <span class='ocrx_word' id='word_1_358' title='bbox 1262 1911 1376 1942; x_wconf 83' lang='lat' dir='ltr'><em>propter</em></span> <span class='ocrx_word' id='word_1_359' title='bbox 1393 1910 1432 1935; x_wconf 75' lang='lat' dir='ltr'><em>in-</em></span> 
     </span>
     <span class='ocr_line' id='line_1_36' title="bbox 157 1939 1431 1978; baseline 0.004 -13"><span class='ocrx_word' id='word_1_360' title='bbox 157 1948 246 1966; x_wconf 74' lang='lat' dir='ltr'><em>serens</em></span> <span class='ocrx_word' id='word_1_361' title='bbox 260 1941 269 1973; x_wconf 81' lang='grc'><em>11</em></span> <span class='ocrx_word' id='word_1_362' title='bbox 288 1939 454 1973; x_wconf 81' lang='lat' dir='ltr'><em>palameden</em></span> <span class='ocrx_word' id='word_1_363' title='bbox 473 1940 556 1974; x_wconf 74' lang='lat' dir='ltr'><em>LHu</em></span> <span class='ocrx_word' id='word_1_364' title='bbox 576 1944 608 1966; x_wconf 81' lang='lat'>12</span> <span class='ocrx_word' id='word_1_365' title='bbox 628 1941 714 1974; x_wconf 85' lang='lat' dir='ltr'><em>ipsius</em></span> <span class='ocrx_word' id='word_1_366' title='bbox 733 1950 782 1967; x_wconf 85' lang='lat' dir='ltr'><em>om.</em></span> <span class='ocrx_word' id='word_1_367' title='bbox 804 1942 907 1968; x_wconf 74' lang='lat' dir='ltr'><em>Daniel</em></span> <span class='ocrx_word' id='word_1_368' title='bbox 925 1944 934 1976; x_wconf 79' lang='grc' dir='ltr'><em>ΙΙ</em></span> <span class='ocrx_word' id='word_1_369' title='bbox 956 1946 986 1969; x_wconf 84' lang='grc'><em>13</em></span> <span class='ocrx_word' id='word_1_370' title='bbox 1007 1945 1044 1969; x_wconf 80' lang='lat' dir='ltr'><em>ad</em></span> <span class='ocrx_word' id='word_1_371' title='bbox 1063 1952 1085 1969; x_wconf 72' lang='lat' dir='ltr'><em>r.</em></span> <span class='ocrx_word' id='word_1_372' title='bbox 1108 1947 1158 1969; x_wconf 74' lang='lat'><em>165</em></span> <span class='ocrx_word' id='word_1_373' title='bbox 1178 1944 1288 1978; x_wconf 76' lang='lat' dir='ltr'><em>Fatale]</em></span> <span class='ocrx_word' id='word_1_374' title='bbox 1310 1945 1365 1970; x_wconf 78' lang='grc' dir='ltr'><em>τῶν</em></span> <span class='ocrx_word' id='word_1_375' title='bbox 1385 1944 1431 1978; x_wconf 36' lang='grc' dir='ltr'><em>μέμ</em></span> 
     </span>
     <span class='ocr_line' id='line_1_37' title="bbox 156 1976 1433 2011; baseline 0.003 -10"><span class='ocrx_word' id='word_1_376' title='bbox 156 1985 211 2001; x_wconf 81' lang='grc' dir='ltr'><em>σων</em></span> <span class='ocrx_word' id='word_1_377' title='bbox 231 1976 289 2008; x_wconf 83' lang='lat' dir='ltr'><em>(ton</em></span> <span class='ocrx_word' id='word_1_378' title='bbox 309 1976 414 2008; x_wconf 87' lang='lat' dir='ltr'><em>meson)</em></span> <span class='ocrx_word' id='word_1_379' title='bbox 436 1995 440 2001; x_wconf 97' lang='lat'>.</span> <span class='ocrx_word' id='word_1_380' title='bbox 458 1996 463 2001; x_wconf 92' lang='lat'>.</span> <span class='ocrx_word' id='word_1_381' title='bbox 481 1996 486 2001; x_wconf 90' lang='lat'>.</span> <span class='ocrx_word' id='word_1_382' title='bbox 507 1984 565 2002; x_wconf 86' lang='lat' dir='ltr'><em>esse</em></span> <span class='ocrx_word' id='word_1_383' title='bbox 587 1976 735 2003; x_wconf 83' lang='lat' dir='ltr'><em>sublatum.</em></span> <span class='ocrx_word' id='word_1_384' title='bbox 758 1978 784 2003; x_wconf 87' lang='lat' dir='ltr'><strong><em>P</em></strong></span> <span class='ocrx_word' id='word_1_385' title='bbox 797 1979 806 2011; x_wconf 78' lang='grc' dir='ltr'><em>ΙΙ</em></span> <span class='ocrx_word' id='word_1_386' title='bbox 820 1988 869 2004; x_wconf 69' lang='lat' dir='ltr'><em>Tou</em></span> <span class='ocrx_word' id='word_1_387' title='bbox 889 1988 975 2004; x_wconf 72' lang='lat' dir='ltr'><em>imsox</em></span> <span class='ocrx_word' id='word_1_388' title='bbox 990 1979 1014 2004; x_wconf 92' lang='lat' dir='ltr'><em>L</em></span> <span class='ocrx_word' id='word_1_389' title='bbox 1034 1979 1093 2005; x_wconf 82' lang='lat' dir='ltr'><em>Tan</em></span> <span class='ocrx_word' id='word_1_390' title='bbox 1113 1988 1209 2005; x_wconf 85' lang='lat' dir='ltr'><em>meson</em></span> <span class='ocrx_word' id='word_1_391' title='bbox 1224 1980 1257 2005; x_wconf 91' lang='lat' dir='ltr'><em>H</em></span> <span class='ocrx_word' id='word_1_392' title='bbox 1273 1982 1321 2006; x_wconf 82' lang='lat' dir='ltr'><em>ton</em></span> <span class='ocrx_word' id='word_1_393' title='bbox 1337 1988 1433 2006; x_wconf 77' lang='lat' dir='ltr'><em>meson</em></span> 
     </span>
     <span class='ocr_line' id='line_1_38' title="bbox 157 2010 1433 2049; baseline 0.004 -13"><span class='ocrx_word' id='word_1_394' title='bbox 157 2011 193 2036; x_wconf 80' lang='lat' dir='ltr'><em>M</em></span> <span class='ocrx_word' id='word_1_395' title='bbox 219 2011 228 2044; x_wconf 91' lang='grc' dir='ltr'><em>ΙΙ</em></span> <span class='ocrx_word' id='word_1_396' title='bbox 256 2012 284 2037; x_wconf 75' lang='lat' dir='ltr'><em>et</em></span> <span class='ocrx_word' id='word_1_397' title='bbox 303 2010 377 2044; x_wconf 88' lang='lat' dir='ltr'><em>quod</em></span> <span class='ocrx_word' id='word_1_398' title='bbox 397 2013 459 2036; x_wconf 75' lang='lat' dir='ltr'><em>ante</em></span> <span class='ocrx_word' id='word_1_399' title='bbox 477 2010 613 2037; x_wconf 70' lang='lat' dir='ltr'><em>interimit</em></span> <span class='ocrx_word' id='word_1_400' title='bbox 631 2020 680 2038; x_wconf 81' lang='lat' dir='ltr'><em>om.</em></span> <span class='ocrx_word' id='word_1_401' title='bbox 701 2012 726 2037; x_wconf 88' lang='lat' dir='ltr'><em>L</em></span> <span class='ocrx_word' id='word_1_402' title='bbox 745 2014 818 2045; x_wconf 75' lang='lat' dir='ltr'><em>(add.</em></span> <span class='ocrx_word' id='word_1_403' title='bbox 839 2014 858 2043; x_wconf 79' lang='lat' dir='ltr'><em>l)</em></span> <span class='ocrx_word' id='word_1_404' title='bbox 887 2015 896 2047; x_wconf 79' lang='grc' dir='ltr'><em>ΙΙ</em></span> <span class='ocrx_word' id='word_1_405' title='bbox 926 2018 956 2040; x_wconf 83' lang='grc'><em>16</em></span> <span class='ocrx_word' id='word_1_406' title='bbox 977 2016 1013 2040; x_wconf 81' lang='lat' dir='ltr'><em>ad</em></span> <span class='ocrx_word' id='word_1_407' title='bbox 1032 2024 1055 2041; x_wconf 67' lang='grc' dir='ltr'><em>ι’,</em></span> <span class='ocrx_word' id='word_1_408' title='bbox 1078 2018 1127 2041; x_wconf 70' lang='grc'><em>166</em></span> <span class='ocrx_word' id='word_1_409' title='bbox 1148 2015 1316 2049; x_wconf 86' lang='lat' dir='ltr'><em>Palladium]</em></span> <span class='ocrx_word' id='word_1_410' title='bbox 1338 2015 1433 2042; x_wconf 76' lang='lat' dir='ltr'><em>fabula</em></span> 
     </span>
     <span class='ocr_line' id='line_1_39' title="bbox 155 2046 1431 2085; baseline 0.004 -13"><span class='ocrx_word' id='word_1_411' title='bbox 155 2046 270 2079; x_wconf 68' lang='lat' dir='ltr'><em>(famula)</em></span> <span class='ocrx_word' id='word_1_412' title='bbox 295 2047 388 2072; x_wconf 80' lang='lat' dir='ltr'><em>autem</em></span> <span class='ocrx_word' id='word_1_413' title='bbox 412 2046 482 2072; x_wconf 78' lang='lat' dir='ltr'><em>haee</em></span> <span class='ocrx_word' id='word_1_414' title='bbox 507 2048 556 2073; x_wconf 87' lang='lat' dir='ltr'><em>est.</em></span> <span class='ocrx_word' id='word_1_415' title='bbox 595 2047 744 2074; x_wconf 85' lang='lat' dir='ltr'><em>Diomedes</em></span> <span class='ocrx_word' id='word_1_416' title='bbox 770 2050 798 2074; x_wconf 84' lang='lat' dir='ltr'><em>et</em></span> <span class='ocrx_word' id='word_1_417' title='bbox 820 2049 914 2075; x_wconf 77' lang='lat' dir='ltr'><em>Ulixes</em></span> <span class='ocrx_word' id='word_1_418' title='bbox 936 2072 940 2077; x_wconf 87' lang='lat'>.</span> <span class='ocrx_word' id='word_1_419' title='bbox 958 2072 962 2076; x_wconf 95' lang='lat'>.</span> <span class='ocrx_word' id='word_1_420' title='bbox 980 2070 984 2075; x_wconf 95' lang='lat'>.</span> <span class='ocrx_word' id='word_1_421' title='bbox 1005 2050 1041 2076; x_wconf 87' lang='lat' dir='ltr'><em>ad</em></span> <span class='ocrx_word' id='word_1_422' title='bbox 1065 2052 1157 2076; x_wconf 83' lang='lat' dir='ltr'><em>eastra</em></span> <span class='ocrx_word' id='word_1_423' title='bbox 1176 2050 1345 2077; x_wconf 76' lang='lat' dir='ltr'><em>Graecorum</em></span> <span class='ocrx_word' id='word_1_424' title='bbox 1366 2052 1431 2085; x_wconf 81' lang='lat' dir='ltr'><em>egit.</em></span> 
     </span>
     <span class='ocr_line' id='line_1_40' title="bbox 157 2081 1431 2120; baseline 0.004 -13"><span class='ocrx_word' id='word_1_425' title='bbox 157 2082 184 2107; x_wconf 90' lang='lat' dir='ltr'><em>P</em></span> <span class='ocrx_word' id='word_1_426' title='bbox 196 2083 205 2115; x_wconf 80' lang='grc' dir='ltr'><em>ΙΙ</em></span> <span class='ocrx_word' id='word_1_427' title='bbox 224 2081 336 2108; x_wconf 86' lang='lat' dir='ltr'><em>arisban</em></span> <span class='ocrx_word' id='word_1_428' title='bbox 356 2082 381 2107; x_wconf 88' lang='lat' dir='ltr'><em>L</em></span> <span class='ocrx_word' id='word_1_429' title='bbox 400 2082 522 2115; x_wconf 79' lang='lat' dir='ltr'><em>arispam</em></span> <span class='ocrx_word' id='word_1_430' title='bbox 542 2082 612 2108; x_wconf 82' lang='lat' dir='ltr'><em>ME</em></span> <span class='ocrx_word' id='word_1_431' title='bbox 628 2084 637 2116; x_wconf 76' lang='lat' dir='ltr'>ss</span> <span class='ocrx_word' id='word_1_432' title='bbox 658 2086 688 2108; x_wconf 81' lang='lat'>17</span> <span class='ocrx_word' id='word_1_433' title='bbox 709 2084 832 2117; x_wconf 85' lang='lat' dir='ltr'><em>palladio</em></span> <span class='ocrx_word' id='word_1_434' title='bbox 853 2084 923 2111; x_wconf 75' lang='lat' dir='ltr'><em>dixit</em></span> <span class='ocrx_word' id='word_1_435' title='bbox 941 2085 970 2111; x_wconf 88' lang='lat' dir='ltr'><em>D</em></span> <span class='ocrx_word' id='word_1_436' title='bbox 989 2087 998 2118; x_wconf 88' lang='grc' dir='ltr'><em>ΙΙ</em></span> <span class='ocrx_word' id='word_1_437' title='bbox 1018 2086 1081 2112; x_wconf 87' lang='lat' dir='ltr'><em>inde</em></span> <span class='ocrx_word' id='word_1_438' title='bbox 1100 2086 1165 2111; x_wconf 83' lang='lat' dir='ltr'><em>LH</em></span> <span class='ocrx_word' id='word_1_439' title='bbox 1180 2088 1189 2119; x_wconf 79' lang='grc' dir='ltr'><em>ΙΙ</em></span> <span class='ocrx_word' id='word_1_440' title='bbox 1210 2090 1241 2112; x_wconf 79' lang='grc'><em>18</em></span> <span class='ocrx_word' id='word_1_441' title='bbox 1262 2095 1431 2120; x_wconf 85' lang='lat' dir='ltr'><em>quamquam</em></span> 
     </span>
     <span class='ocr_line' id='line_1_41' title="bbox 154 2117 1432 2156; baseline 0.005 -14"><span class='ocrx_word' id='word_1_442' title='bbox 154 2117 338 2152; x_wconf 79' lang='lat' dir='ltr'><em>praestiterit]</em></span> <span class='ocrx_word' id='word_1_443' title='bbox 359 2118 492 2150; x_wconf 82' lang='lat' dir='ltr'><em>quoniam</em></span> <span class='ocrx_word' id='word_1_444' title='bbox 511 2118 687 2151; x_wconf 70' lang='lat' dir='ltr'><em>praedixerat</em></span> <span class='ocrx_word' id='word_1_445' title='bbox 705 2120 918 2153; x_wconf 67' lang='lat' dir='ltr'><em>mythoqraphus</em></span> <span class='ocrx_word' id='word_1_446' title='bbox 939 2122 948 2153; x_wconf 86' lang='grc' dir='ltr'><em>ΙΙ</em></span> <span class='ocrx_word' id='word_1_447' title='bbox 972 2124 1003 2147; x_wconf 86' lang='grc'><em>19</em></span> <span class='ocrx_word' id='word_1_448' title='bbox 1024 2122 1056 2147; x_wconf 80' lang='lat' dir='ltr'><em>ut</em></span> <span class='ocrx_word' id='word_1_449' title='bbox 1074 2129 1124 2155; x_wconf 87' lang='lat' dir='ltr'><em>per</em></span> <span class='ocrx_word' id='word_1_450' title='bbox 1142 2123 1246 2148; x_wconf 76' lang='lat' dir='ltr'><em>terram</em></span> <span class='ocrx_word' id='word_1_451' title='bbox 1265 2122 1380 2156; x_wconf 82' lang='lat' dir='ltr'><em>rediret]</em></span> <span class='ocrx_word' id='word_1_452' title='bbox 1402 2124 1432 2148; x_wconf 85' lang='grc'><em>111</em></span> 
     </span>
     <span class='ocr_line' id='line_1_42' title="bbox 156 2153 1430 2190; baseline 0.005 -12"><span class='ocrx_word' id='word_1_453' title='bbox 156 2161 211 2179; x_wconf 89' lang='lat' dir='ltr'><em>non</em></span> <span class='ocrx_word' id='word_1_454' title='bbox 231 2161 264 2179; x_wconf 85' lang='lat' dir='ltr'><em>ea</em></span> <span class='ocrx_word' id='word_1_455' title='bbox 283 2153 328 2178; x_wconf 85' lang='lat' dir='ltr'><em>die</em></span> <span class='ocrx_word' id='word_1_456' title='bbox 348 2162 402 2186; x_wconf 84' lang='lat' dir='ltr'><em>qua</em></span> <span class='ocrx_word' id='word_1_457' title='bbox 421 2153 515 2186; x_wconf 83' lang='lat' dir='ltr'><em>graeci</em></span> <span class='ocrx_word' id='word_1_458' title='bbox 534 2153 620 2179; x_wconf 85' lang='lat' dir='ltr'><em>ceteri</em></span> <span class='ocrx_word' id='word_1_459' title='bbox 638 2154 785 2188; x_wconf 83' lang='lat' dir='ltr'><em>nauigaret</em></span> <span class='ocrx_word' id='word_1_460' title='bbox 801 2155 823 2181; x_wconf 83' lang='lat' dir='ltr'><em>C</em></span> <span class='ocrx_word' id='word_1_461' title='bbox 840 2156 871 2181; x_wconf 85' lang='grc'><em>01</em></span> <span class='ocrx_word' id='word_1_462' title='bbox 886 2164 940 2181; x_wconf 88' lang='lat' dir='ltr'><em>non</em></span> <span class='ocrx_word' id='word_1_463' title='bbox 961 2177 965 2182; x_wconf 93' lang='lat'>.</span> <span class='ocrx_word' id='word_1_464' title='bbox 983 2177 988 2182; x_wconf 90' lang='lat'><em>.</em></span> <span class='ocrx_word' id='word_1_465' title='bbox 1005 2177 1010 2182; x_wconf 92' lang='lat'>.</span> <span class='ocrx_word' id='word_1_466' title='bbox 1031 2156 1178 2190; x_wconf 81' lang='lat' dir='ltr'><em>nanigaret</em></span> <span class='ocrx_word' id='word_1_467' title='bbox 1198 2158 1226 2184; x_wconf 80' lang='grc'><em>01</em></span> <span class='ocrx_word' id='word_1_468' title='bbox 1244 2157 1349 2184; x_wconf 74' lang='lat' dir='ltr'><em>faceret</em></span> <span class='ocrx_word' id='word_1_469' title='bbox 1368 2166 1430 2184; x_wconf 85' lang='lat' dir='ltr'><em>eum</em></span> 
     </span>
     <span class='ocr_line' id='line_1_43' title="bbox 155 2188 1429 2226; baseline 0.005 -13"><span class='ocrx_word' id='word_1_470' title='bbox 155 2196 203 2221; x_wconf 85' lang='lat' dir='ltr'><em>per</em></span> <span class='ocrx_word' id='word_1_471' title='bbox 221 2189 325 2214; x_wconf 80' lang='lat' dir='ltr'><em>terram</em></span> <span class='ocrx_word' id='word_1_472' title='bbox 349 2188 439 2214; x_wconf 82' lang='lat' dir='ltr'><em>redire</em></span> <span class='ocrx_word' id='word_1_473' title='bbox 464 2189 543 2222; x_wconf 51' lang='lat' dir='ltr'><em>*calyo</em></span> <span class='ocrx_word' id='word_1_474' title='bbox 566 2190 575 2222; x_wconf 80' lang='grc' dir='ltr'>Η</span> <span class='ocrx_word' id='word_1_475' title='bbox 598 2198 647 2223; x_wconf 85' lang='lat' dir='ltr'><em>per</em></span> <span class='ocrx_word' id='word_1_476' title='bbox 671 2198 720 2215; x_wconf 80' lang='lat' dir='ltr'><em>om.</em></span> <span class='ocrx_word' id='word_1_477' title='bbox 742 2190 775 2215; x_wconf 90' lang='lat' dir='ltr'><em>M</em></span> <span class='ocrx_word' id='word_1_478' title='bbox 800 2192 808 2224; x_wconf 79' lang='grc' dir='ltr'><em>ΙΙ</em></span> <span class='ocrx_word' id='word_1_479' title='bbox 832 2191 905 2223; x_wconf 87' lang='lat' dir='ltr'><em>quod</em></span> <span class='ocrx_word' id='word_1_480' title='bbox 933 2192 961 2217; x_wconf 88' lang='grc'><em>01</em></span> <span class='ocrx_word' id='word_1_481' title='bbox 984 2192 1104 2226; x_wconf 81' lang='lat' dir='ltr'><em>contigit</em></span> <span class='ocrx_word' id='word_1_482' title='bbox 1127 2201 1176 2218; x_wconf 86' lang='lat' dir='ltr'><em>om.</em></span> <span class='ocrx_word' id='word_1_483' title='bbox 1198 2193 1234 2218; x_wconf 81' lang='lat' dir='ltr'><em>M</em></span> <span class='ocrx_word' id='word_1_484' title='bbox 1260 2195 1343 2226; x_wconf 72' lang='lat' dir='ltr'><em>(supr.</em></span> <span class='ocrx_word' id='word_1_485' title='bbox 1364 2202 1429 2220; x_wconf 58' lang='lat' dir='ltr'><em>fers.</em></span> 
     </span>
    </p>
   </div>
   <div class='ocr_carea' id='block_1_6' title="bbox 156 2235 1431 2329">
    <p class='ocr_par' dir='ltr' id='par_1_12' title="bbox 156 2235 1431 2329">
     <span class='ocr_line' id='line_1_44' title="bbox 448 2235 1430 2261; baseline 0.004 -9"><span class='ocrx_word' id='word_1_486' title='bbox 448 2235 473 2253; x_wconf 84' lang='lat' dir='ltr'><em>a†</em></span> <span class='ocrx_word' id='word_1_487' title='bbox 488 2240 526 2253; x_wconf 83' lang='lat' dir='ltr'><em>um</em></span> <span class='ocrx_word' id='word_1_488' title='bbox 541 2236 547 2253; x_wconf 84' lang='lat' dir='ltr'><em>l</em></span> <span class='ocrx_word' id='word_1_489' title='bbox 609 2235 636 2254; x_wconf 64' lang='lat' dir='ltr'><em>a?</em></span> <span class='ocrx_word' id='word_1_490' title='bbox 650 2240 755 2257; x_wconf 73' lang='lat' dir='ltr'><em>passuros</em></span> <span class='ocrx_word' id='word_1_491' title='bbox 771 2237 777 2254; x_wconf 78' lang='lat' dir='ltr'><em>l</em></span> <span class='ocrx_word' id='word_1_492' title='bbox 1250 2239 1277 2258; x_wconf 60' lang='lat' dir='ltr'><em>a?</em></span> <span class='ocrx_word' id='word_1_493' title='bbox 1288 2238 1399 2261; x_wconf 70' lang='lat' dir='ltr'><em>perituros</em></span> <span class='ocrx_word' id='word_1_494' title='bbox 1410 2244 1430 2257; x_wconf 81' lang='lat' dir='ltr'><em>m</em></span> 
     </span>
     <span class='ocr_line' id='line_1_45' title="bbox 156 2259 1431 2298; baseline 0.004 -13"><span class='ocrx_word' id='word_1_495' title='bbox 156 2259 218 2286; x_wconf 84' lang='lat' dir='ltr'><em>add.</em></span> <span class='ocrx_word' id='word_1_496' title='bbox 233 2260 268 2292; x_wconf 84' lang='lat' dir='ltr'><em>m)</em></span> <span class='ocrx_word' id='word_1_497' title='bbox 283 2260 292 2293; x_wconf 73' lang='grc' dir='ltr'><em>ΙΙ</em></span> <span class='ocrx_word' id='word_1_498' title='bbox 307 2263 340 2285; x_wconf 80' lang='lat'><em>&#39;20</em></span> <span class='ocrx_word' id='word_1_499' title='bbox 360 2260 506 2294; x_wconf 75' lang='lat' dir='ltr'><em>naufragio</em></span> <span class='ocrx_word' id='word_1_500' title='bbox 526 2269 584 2286; x_wconf 86' lang='lat' dir='ltr'><em>esse</em></span> <span class='ocrx_word' id='word_1_501' title='bbox 603 2261 752 2294; x_wconf 80' lang='lat' dir='ltr'><em>pertituros</em></span> <span class='ocrx_word' id='word_1_502' title='bbox 770 2269 802 2287; x_wconf 69' lang='lat' dir='ltr'><em>ea:</em></span> <span class='ocrx_word' id='word_1_503' title='bbox 816 2261 954 2295; x_wconf 81' lang='lat' dir='ltr'><em>periturus</em></span> <span class='ocrx_word' id='word_1_504' title='bbox 969 2263 995 2288; x_wconf 90' lang='lat' dir='ltr'><em>L</em></span> <span class='ocrx_word' id='word_1_505' title='bbox 1013 2263 1160 2297; x_wconf 81' lang='lat' dir='ltr'><em>naufragio</em></span> <span class='ocrx_word' id='word_1_506' title='bbox 1175 2271 1234 2290; x_wconf 82' lang='lat' dir='ltr'><em>esse</em></span> <span class='ocrx_word' id='word_1_507' title='bbox 1249 2272 1378 2298; x_wconf 78' lang='lat' dir='ltr'><em>passuros</em></span> <span class='ocrx_word' id='word_1_508' title='bbox 1395 2264 1431 2289; x_wconf 82' lang='lat' dir='ltr'><strong><em>M</em></strong></span> 
     </span>
     <span class='ocr_line' id='line_1_46' title="bbox 280 2304 591 2329; baseline 0.003 -6"><span class='ocrx_word' id='word_1_509' title='bbox 280 2304 293 2323; x_wconf 84' lang='lat'>†</span> <span class='ocrx_word' id='word_1_510' title='bbox 303 2310 315 2323; x_wconf 92' lang='lat' dir='ltr'><em>o</em></span> <span class='ocrx_word' id='word_1_511' title='bbox 330 2311 340 2324; x_wconf 75' lang='lat' dir='ltr'><em>e</em></span> <span class='ocrx_word' id='word_1_512' title='bbox 429 2306 440 2325; x_wconf 66' lang='grc'><em>1</em></span> <span class='ocrx_word' id='word_1_513' title='bbox 454 2306 567 2329; x_wconf 75' lang='lat' dir='ltr'><em>perituros</em></span> <span class='ocrx_word' id='word_1_514' title='bbox 581 2311 591 2324; x_wconf 76' lang='lat' dir='ltr'><em>e</em></span> 
     </span>
    </p>
   </div>
   <div class='ocr_carea' id='block_1_7' title="bbox 154 2319 1372 2368">
    <p class='ocr_par' dir='ltr' id='par_1_13' title="bbox 154 2319 1372 2368">
     <span class='ocr_line' id='line_1_47' title="bbox 154 2319 1372 2368; baseline 0.003 -12"><span class='ocrx_word' id='word_1_515' title='bbox 154 2329 329 2364; x_wconf 81' lang='lat' dir='ltr'><em>naufragium</em></span> <span class='ocrx_word' id='word_1_516' title='bbox 348 2339 407 2358; x_wconf 82' lang='lat' dir='ltr'><em>esse</em></span> <span class='ocrx_word' id='word_1_517' title='bbox 427 2340 556 2366; x_wconf 82' lang='lat' dir='ltr'><em>passuros</em></span> <span class='ocrx_word' id='word_1_518' title='bbox 576 2332 605 2357; x_wconf 85' lang='lat' dir='ltr'><em>E</em></span> <span class='ocrx_word' id='word_1_519' title='bbox 618 2333 626 2366; x_wconf 91' lang='grc' dir='ltr'><em>ΙΙ</em></span> <span class='ocrx_word' id='word_1_520' title='bbox 646 2336 677 2358; x_wconf 76' lang='lat'><em>:23</em></span> <span class='ocrx_word' id='word_1_521' title='bbox 699 2319 879 2359; x_wconf 68' lang='lat' dir='ltr'><em>Calchantem</em></span> <span class='ocrx_word' id='word_1_522' title='bbox 899 2333 1002 2361; x_wconf 71' lang='lat' dir='ltr'><em>Daniel</em></span> <span class='ocrx_word' id='word_1_523' title='bbox 1016 2334 1024 2368; x_wconf 82' lang='grc' dir='ltr'><em>[Ι</em></span> <span class='ocrx_word' id='word_1_524' title='bbox 1042 2343 1093 2368; x_wconf 83' lang='lat' dir='ltr'><em>pro</em></span> <span class='ocrx_word' id='word_1_525' title='bbox 1115 2334 1179 2362; x_wconf 85' lang='lat' dir='ltr'><em>odio</em></span> <span class='ocrx_word' id='word_1_526' title='bbox 1200 2344 1248 2362; x_wconf 84' lang='lat' dir='ltr'><em>om.</em></span> <span class='ocrx_word' id='word_1_527' title='bbox 1269 2334 1372 2361; x_wconf 74' lang='lat' dir='ltr'><em>Daniel</em></span> 
     </span>
    </p>
   </div>
   <div class='ocr_carea' id='block_1_8' title="bbox 1459 678 1491 701">
    <p class='ocr_par' dir='ltr' id='par_1_14' title="bbox 1459 678 1491 701">
     <span class='ocr_line' id='line_1_48' title="bbox 1459 678 1491 701; baseline 0.031 -1"><span class='ocrx_word' id='word_1_528' title='bbox 1459 678 1491 701; x_wconf 83' lang='lat'>10</span> 
     </span>
    </p>
   </div>
   <div class='ocr_carea' id='block_1_9' title="bbox 1460 946 1491 968">
    <p class='ocr_par' dir='ltr' id='par_1_15' title="bbox 1460 946 1491 968">
     <span class='ocr_line' id='line_1_49' title="bbox 1460 946 1491 968; baseline 0 0"><span class='ocrx_word' id='word_1_529' title='bbox 1460 946 1491 968; x_wconf 85' lang='lat'>15</span> 
     </span>
    </p>
   </div>
   <div class='ocr_carea' id='block_1_10' title="bbox 1456 1214 1489 1237">
    <p class='ocr_par' dir='ltr' id='par_1_16' title="bbox 1456 1214 1489 1237">
     <span class='ocr_line' id='line_1_50' title="bbox 1456 1214 1489 1237; baseline 0.03 -1"><span class='ocrx_word' id='word_1_530' title='bbox 1456 1214 1489 1237; x_wconf 71' lang='lat'><em>20</em></span> 
     </span>
    </p>
   </div>
  </div>
 </body>
</html>
