1690 2611
441 133 554 160 COMM.
574 133 613 159 IN
633 132 739 158 VERG.
760 132 842 157 AEN.
864 132 882 156 Ι.
905 133 1051 157 iol—169.
1343 128 1384 159 67

200 214 269 244 164.
306 227 376 245 Tim
401 224 420 244 cc
441 217 611 255 tempestate
629 214 766 253 defensa,
790 213 855 243 ideo
879 215 907 243 et
930 211 1058 255 ‘silent'3
1142 223 1203 241 rm!
1219 220 1278 250 pro
1299 220 1386 250 prae-

68 287 70 295 .
108 270 194 298 terea.
287 276 359 298 TVM
384 276 494 299 simus
520 276 652 299 SCAENA
676 274 840 298 oonvsols
866 264 973 295 ‘silvis
993 264 1150 295 coruscis’
1175 264 1236 295 hoc
1261 267 1311 295 est
1335 265 1387 295 sil-

108 332 220 352 varum
236 331 453 359 coruscarum,
473 321 505 352 id
521 323 570 352 est
590 320 815 361 crispantium,
835 321 870 349 ut
889 318 1051 349 Iuvenalis
1072 318 1187 358 longa
1207 320 1387 349 coruscat

108 385 263 405 serraco
292 375 470 406 veniente
502 375 618 405 abies.
669 376 701 404 et
730 372 840 414 posuit
868 372 1042 412 septimum
1071 382 1127 411 pro
1158 371 1322 411 genetivo,
1351 375 1387 402 ut

109 428 255 468 superius
289 428 451 468 pulchra
487 427 603 468 prole.
658 427 716 458 alic·
749 425 909 457 ‘coruscis'
949 425 1087 456 treimdis
1122 424 1166 454 ‘rel
1199 425 1387 455 vibrantibus
1407 428 1421 450 5

108 481 272 521 accipiunt.
367 490 500 512 SCAENA
529 480 734 511 inumbratio.
787 481 818 510 et
852 479 938 510 dieta
966 489 1081 509 scaena
1111 474 1173 508 ἀπὸ
1203 477 1259 517 τῆς
1287 478 1387 514 σκιᾶς.

110 534 193 575 apud
231 535 380 575 antiquos
419 534 503 565 enim
538 533 710 564 theatralis
743 544 858 563 scaena
892 532 1050 573 parietem
1080 542 1144 562 non
1177 531 1304 571 habuit,
1333 531 1387 561 sed

109 587 147 618 de
179 578 346 619 frondibus
383 587 570 618 umbracula
608 586 816 627 quaerebant.
872 587 986 626 postea
1023 584 1171 616 tabulata
1209 595 1388 624 conponere

109 644 285 682 coeperunt
317 641 350 671 in
381 641 508 672 modun]
544 640 686 681 parietis.
738 650 848 671 scaena
881 641 981 669 (cutem
1008 649 1086 678 pars
1120 637 1230 668 theatri
1261 638 1387 669 adr-ersa

107 695 322 735 spectantibus,
346 695 381 725 in
404 705 465 734 qua
487 696 560 725 sunt
581 695 674 734 γραῖα.

200 748 270 779 165.
308 760 440 779 nssresss
469 758 526 787 pro
556 757 677 787 sufflas
689 747 916 786 praepositione
946 748 1050 776 contra
1084 746 1232 776 rationem
1262 745 1387 775 adiecta.

197 809 376 832 HORRENTI
401 800 515 831 horror
539 801 727 841 plerumque
754 799 792 830 ad
817 799 926 830 odium
950 799 1104 839 pertinet,
1135 798 1323 839 plerumque
1349 797 1388 828 ad

109 854 364 894 venerationem,
391 855 428 884 ut
455 853 517 884 hoc
542 853 621 884 loeo.
665 853 710 884 sic
735 852 881 884 Lucanus
907 852 1111 883 arboribus
1137 863 1226 882 suus
1252 851 1388 882 horror

110 907 221 938 inest,
313 916 433 938 ATRVM
458 915 573 937 NEMVS
596 910 708 947 tropus
734 908 794 946 est3
819 917 876 946 per
901 908 1007 936 atrum
1027 906 1107 936 enim
1126 905 1256 945 nigrum
1281 907 1386 935 osten-

110 960 166 1001 dit,
186 972 242 1001 per
266 961 396 1002 nigrum
416 960 613 1000 umbrosum,
638 970 695 1000 per
715 959 902 990 umbrosum
923 959 1066 999 densum,
1090 958 1122 989 id
1146 960 1195 988 est
1219 958 1387 989 frondibus
1410 962 1441 983 15

110 1014 250 1054 plenum.

200 1068 271 1098 167.
304 1077 388 1098 Vivo
412 1067 567 1106 naturali,
592 1069 627 1097 ut
652 1067 737 1097 vivo
762 1066 1042 1106 praetervehor
1065 1065 1168 1096 ostia
1193 1076 1293 1095 saxo.

200 1121 270 1151 168.
304 1129 522 1151 NYMPHARVM
548 1129 665 1151 DOMVS
696 1122 751 1150 aut
776 1131 888 1150 verum
917 1119 994 1150 dicit
1024 1121 1055 1149 et
1079 1121 1129 1150 est
1152 1118 1306 1157 historia,
1334 1120 1390 1148 aut

109 1173 147 1204 ad
172 1173 300 1204 laudeni
320 1174 461 1214 pertinet
485 1174 560 1204 loci:
584 1173 674 1212 talis,
698 1173 817 1213 inquit,
842 1172 931 1204 locus
957 1174 1018 1212 est,
1042 1174 1078 1202 ut
1102 1172 1216 1203 domus
1242 1171 1390 1202 credatur

108 1237 177 1258 esse
201 1227 427 1267 nympharum.
518 1236 577 1257 HIC
603 1237 660 1267 pro
686 1225 786 1257 ‘illic’
812 1237 899 1256 inore
925 1236 992 1256 suo.
1408 1228 1441 1250 20

200 1280 269 1311 169.
303 1289 469 1311 ANCHORA
494 1289 611 1311 MoRsv
636 1279 697 1310 hoc
720 1290 838 1310 nomen
867 1290 939 1309 cuni
964 1278 997 1308 in
1021 1277 1158 1317 Graeco,
1182 1278 1266 1308 unde
1291 1278 1388 1318 origi-

108 1344 181 1364 nem
206 1333 306 1373 ducit,
330 1333 562 1374 aspirationem
587 1344 651 1363 non
675 1332 807 1372 habeat,
831 1332 863 1362 in
888 1331 1005 1362 Latino
1031 1332 1206 1372 aspiratur:
1231 1331 1316 1372 quod
1341 1333 1389 1361 est

1410 677 1442 698 10

109 1387 320 1427 contrarium3
344 1398 420 1417 nam
444 1386 549 1427 magis
570 1385 764 1416 Graecorum
785 1387 834 1415 est
858 1384 1024 1425 aspiratio.
1058 1384 1112 1415 sed
1137 1384 1197 1414 hoc
1222 1384 1253 1414 in
1278 1384 1387 1424 paucis

180 1503 195 1525 3
220 1499 370 1534 Iuvenalis]
395 1501 445 1525 sat.
472 1500 508 1525 ΙΙΙ
534 1502 585 1525 254
609 1500 617 1532 ΙΙ
641 1503 656 1524 5
682 1499 802 1524 coruscis
823 1520 827 1524 .
845 1519 872 1524 ..
898 1498 1051 1532 accipiunt]
1076 1497 1109 1523 cf.
1134 1497 1218 1531 gloss.
1243 1497 1386 1530 Sangerm.

109 1544 152 1568 ap.
173 1535 296 1561 Hildebr.
316 1544 342 1568 p.
363 1538 395 1560 81
420 1536 428 1568 ΙΙ
454 1538 484 1560 13
504 1534 644 1568 Lucanus]
666 1535 702 1560 111
722 1537 771 1560 411
796 1535 805 1566 Η
830 1537 860 1559 17
882 1533 957 1567 vivo]
979 1534 1009 1559 A.
1030 1533 1067 1559 HI
1088 1536 1138 1559 688

183 1644 195 1666 1
212 1642 248 1667 acl
263 1650 285 1668 ι’.
299 1645 349 1668 164
364 1642 492 1674 Aequora
507 1642 568 1667 tuta
583 1641 677 1674 silent]
694 1641 860 1674 tempestate
877 1640 999 1671 defensa,
1015 1639 1077 1665 ideo
1095 1639 1184 1665 silent.
1210 1639 1292 1673 Tum]
1308 1647 1386 1672 prae-

109 1678 195 1702 terea.
235 1677 318 1702 Siluis
338 1685 438 1703 scaena
458 1676 589 1710 coruscis]
618 1677 669 1702 hoc
695 1678 736 1702 est
760 1676 892 1701 siluarum
918 1684 1093 1701 coruscaruni
1114 1697 1119 1701 ,
1141 1696 1145 1700 .
1167 1696 1172 1700 .
1193 1674 1241 1700 sed
1261 1674 1294 1700 de
1314 1674 1387 1700 fron-

110 1712 190 1738 dibus
209 1712 379 1738 umbracula.
409 1721 509 1738 scaena
529 1713 621 1737 autem
641 1720 704 1745 pars
725 1711 827 1737 theatri
847 1711 965 1737 aduersa
980 1711 1182 1744 spectantibus,
1202 1710 1231 1735 in
1251 1718 1305 1743 qua
1325 1711 1388 1735 sunt

110 1747 195 1780 regia.
218 1748 245 1772 P
265 1749 274 1781 ΙΙ
297 1751 311 1773 3
337 1749 368 1773 ut
391 1747 530 1773 Iuvenalis
555 1769 560 1774 .
582 1769 586 1773 .
609 1769 613 1773 .
639 1747 716 1780 prole
740 1755 788 1772 om.
810 1747 834 1771 B
858 1748 867 1779 Η
891 1750 906 1772 4
931 1754 1059 1772 serracon
1083 1746 1147 1771 KH
1175 1754 1288 1779 sai-rago
1315 1744 1336 1770 C
1358 1748 1388 1770 ut

110 1783 228 1814 videtur,
248 1786 271 1808 et
292 1783 319 1808 P
346 1785 464 1815 (serraco
487 1782 518 1808 02
545 1786 572 1808 nt
598 1784 713 1809 ridetur)
742 1790 871 1814 serruoon
894 1782 918 1807 L
947 1785 1045 1815 (genus
1070 1781 1191 1807 uehiculi
1216 1789 1346 1814 superscr.
1368 1781 1387 1811 l)

111 1826 186 1844 serra
205 1818 385 1844 conueniente
407 1819 443 1844 M
465 1820 473 1851 Η
497 1822 511 1844 5
533 1818 673 1845 choruscis
695 1818 717 1843 C
737 1819 746 1851 ΙΙ
769 1817 942 1843 vibrantibus
961 1818 1074 1850 scripsi.-
1094 1817 1286 1842 umbrantibus
1308 1816 1362 1841 GP
1381 1841 1382 1844 ,

112 1856 126 1879 6
146 1861 198 1879 ano
215 1862 264 1879 ‘ror
285 1862 363 1879 cumo
384 1854 414 1879 K
431 1854 532 1880 asiotes
553 1854 623 1880 scias
645 1853 667 1879 C
685 1855 874 1885 (αι-[0110111010
896 1853 939 1879 0-’1
959 1861 1012 1878 ano
1033 1861 1077 1878 rec
1098 1861 1176 1878 emac-
1196 1852 1220 1877 L
1245 1851 1318 1877 actio
1337 1861 1386 1876 Tuo

111 1898 190 1913 cume
208 1888 239 1913 H
257 1889 420 1922 apotesches
441 1889 477 1914 M
495 1889 664 1923 opotesscius
687 1889 712 1914 Ρ
735 1890 743 1921 ΙΙ
768 1892 780 1914 Τ
802 1888 905 1914 theatri
926 1888 981 1913 GP
998 1888 1006 1920 ΙΙ
1029 1888 1152 1914 habebat
1170 1888 1239 1913 ΒΜ
1257 1888 1266 1920 11
1285 1886 1333 1912 sed
1353 1886 1386 1912 de

111 1923 253 1950 frondibus
269 1932 356 1958 opaca
370 1924 533 1950 umbracula
548 1925 689 1951 faciebant
703 1924 729 1949 B
744 1926 752 1957 ΙΙ
769 1927 799 1949 11
821 1925 857 1949 ad
871 1933 894 1949 r.
913 1927 961 1949 165
982 1924 1116 1958 Desuper]
1138 1932 1185 1957 pro
1207 1931 1290 1956 supra
1309 1930 1385 1956 prae-

111 1959 249 1992 positione
269 1961 365 1985 contra
384 1959 522 1986 rationem
541 1960 658 1986 adiecta.
697 1959 840 1993 Horrenti]
862 1959 959 1985 horror
979 1980 983 1984 .
1006 1979 1010 1984 .
1032 1981 1036 1984 .
1056 1959 1085 1984 id
1106 1961 1148 1984 est
1166 1958 1309 1984 frondibus
1328 1957 1386 1991 ple-

109 2039 182 2056 num.
206 2030 232 2056 P
254 2031 262 2063 ΙΙ
286 2039 335 2064 pro
356 2052 360 2056 .
378 2052 383 2057 .
400 2052 405 2056 .
426 2030 632 2064 praepositione
659 2031 697 2056 P:
725 2005 781 2071 ἓ
796 2029 966 2064 praepositio
986 2031 1029 2056 est
1049 2030 1071 2055 G
1098 2030 1142 2063 (de
1161 2037 1293 2062 superscr.
1316 2028 1359 2061 02)

113 2087 143 2109 12
161 2083 247 2109 otium
266 2083 319 2109 GP
338 2088 415 2115 (corr.
434 2083 477 2116 0³)
492 2084 500 2116 [1
516 2086 548 2108 14
563 2083 636 2110 inest
650 2084 678 2109 et
694 2084 772 2116 (Aen.
788 2083 812 2109 V
828 2086 872 2115 37)
890 2084 1032 2109 ‘horridus
1048 2083 1076 2109 in
1090 2083 1214 2109 iaculis’.
1236 2083 1264 2107 D
1278 2083 1287 2116 ss
1304 2085 1334 2108 17
1351 2082 1387 2107 αι]

112 2128 134 2144 v.
153 2122 200 2145 167
220 2118 301 2152 Viuo]
322 2118 442 2144 naturali
459 2139 463 2143 .
477 2140 481 2144 .
495 2140 499 2144 .
515 2127 589 2144 saxo.
609 2119 635 2144 P
648 2120 656 2152 ΙΙ
671 2127 738 2145 saxa
756 2119 854 2144 KLH
866 2120 874 2152 ΙΙ
890 2122 922 2145 18
938 2120 973 2145 ad
988 2127 1010 2145 v.
1029 2122 1078 2145 108
1099 2119 1300 2152 Nympharum.
1321 2117 1384 2150 Hic]

111 2163 161 2187 pro
181 2154 239 2180 illic
258 2162 335 2180 more
355 2162 412 2180 suo.
440 2154 466 2178 P
488 2154 496 2187 ΙΙ
522 2157 552 2179 19
577 2154 644 2188 loci]
671 2155 719 2180 aut
743 2162 817 2187 supr.
837 2162 903 2180 vers.
929 2155 991 2180 add.
1014 2153 1051 2179 Ο2
1071 2154 1109 2180 vel
1131 2154 1168 2180 6³
1191 2155 1199 2187 [Ι
1222 2153 1319 2186 inquid
1341 2152 1379 2178 C*

112 2210 144 2232 21
165 2208 201 2233 acl
215 2216 238 2233 υ.
256 2210 305 2233 169
325 2207 454 2233 Anchora
473 2207 578 2241 morsu]
599 2207 734 2240 originem
751 2215 882 2240 graecam
900 2207 994 2238 habet,
1014 2206 1061 2232 sed
1081 2206 1154 2240 apud
1175 2215 1221 2233 eos
1240 2215 1295 2232 non
1314 2205 1386 2238 aspi-

111 2245 186 2268 ratur
209 2243 374 2276 (asperatur)
398 2242 425 2268 in
451 2242 571 2268 mediam
596 2242 741 2275 syllabam.
786 2242 910 2268 ‘morsu'
937 2242 1028 2268 dente.
1055 2242 1082 2267 P
1103 2243 1112 2275 ΙΙ
1135 2242 1239 2275 Morsu]
1266 2241 1387 2266 anchora

113 2278 180 2303 dens
197 2277 300 2304 ferreus
314 2279 357 2304 est
372 2287 404 2304 ex
420 2286 520 2312 graeca
535 2278 725 2311 ethimologia,
741 2277 815 2310 quod
829 2277 908 2310 quasi
923 2277 1042 2303 hominis
1058 2286 1156 2303 manus
1171 2275 1388 2309 comprehendat

112 2313 241 2347 scopulos
260 2313 305 2340 uel
324 2314 449 2339 harenas.
488 2322 552 2339 nam
577 2321 674 2339 manus
698 2321 797 2347 graece
821 2321 887 2345 cyra
910 2312 1010 2339 dicitur
1032 2314 1063 2339 i'n
1088 2321 1173 2346 marg.
1195 2313 1256 2338 add.
1279 2311 1319 2337 6¹⁸.
1354 2310 1386 2342 cf.

118 2349 183 2375 [sid.
204 2357 242 2374 or.
263 2349 325 2374 XIX
347 2352 370 2379 2,
392 2352 422 2374 15
447 2350 455 2382 Η
479 2351 511 2374 ‘23
532 2348 695 2381 magistrum
715 2348 738 2374 L
760 2347 859 2381 (magis
879 2356 1041 2381 graecorum
1061 2349 1079 2380 Z)

1143 2390 1176 2406 -ss

1141 2402 1155 2416 ’0
