1690 2611
198 150 233 176 IV
725 150 943 178 PRAEFATIO.

196 233 327 266 nalibus
352 231 499 264 Servium
525 233 684 264 dicentem
708 233 798 274 feeit,
823 234 948 275 optima
972 245 1115 275 quaeque
1142 246 1160 265 a
1186 235 1399 276 grammatico
1424 235 1479 267 illo

197 289 330 328 propter
355 287 534 328 exquisitae
559 286 725 318 doctrinae
750 288 875 328 copiam
900 287 1032 319 laudato
1059 288 1193 329 scripta,
1222 289 1346 330 reliqua
1371 300 1409 319 ex
1429 300 1481 320 an-

197 341 362 381 tiquorum
394 340 607 381 interpretum
641 340 775 372 diversis
811 341 1048 372 commentariis
1082 341 1203 372 selecta
1245 353 1313 373 esse
1349 343 1481 374 censuit.

197 393 393 433 Josephus
424 392 613 434 Scaliger,
649 394 699 425 cui
723 394 841 425 Daniel
871 396 1044 435 antequam
1073 395 1198 435 plenior
1228 396 1478 427 commentarius

199 447 303 477 editus
338 448 423 478 esset
454 447 558 478 multa
592 458 629 478 ex
664 447 731 478 suis
761 448 852 478 libris
887 448 1049 489 exscripta
1080 448 1227 488 miserat,
1261 449 1294 479 in
1324 448 1411 480 notis
1442 449 1481 480 ad

198 500 355 531 Varronis
385 500 413 531 d.
438 511 460 531 r.
486 511 510 532 r.
535 500 636 532 libros
667 500 711 542 (p.
736 501 799 532 273
832 501 878 532 ed.
903 500 1013 542 Steph.
1042 513 1069 532 a.
1098 500 1198 544 1573)
1230 501 1346 541 Servii,
1378 502 1481 533 erudi-

198 552 481 594 tissimiVergilii
506 554 709 595 interpretis,
734 555 1040 587 commentariorum
1064 557 1192 587 tantum
1218 556 1354 587 cadaver
1374 566 1482 587 mona-

199 607 332 639 chorum
356 607 507 638 barbarie
532 619 567 639 ac
593 608 747 649 spurcitia
771 608 1029 639 contaminatum
1053 620 1222 650 superesse
1246 609 1336 641 dixit.
1383 609 1479 641 Scali-

200 661 271 702 geri
300 661 493 692 sententiam
520 662 687 703 amplexus
713 663 762 693 est
787 662 877 693 Otto
902 661 1157 701 Ribbeckius,
1190 674 1386 704 quamquam
1411 663 1482 694 sub-

198 714 289 745 tilius
324 718 356 745 et
389 715 507 746 certius
539 726 635 756 quam
669 716 722 746 ille
753 715 829 757 quid
859 715 958 746 vellet
988 716 1192 757 significavit.
1235 728 1310 748 nam
1346 715 1482 759 (proleg.

199 780 228 809 p.
256 768 318 800 104
334 779 401 810 sqq.
427 770 458 799 et
482 769 581 809 praef.
606 780 634 810 p.
659 768 721 800 XII
737 767 796 810 sq.)
821 771 853 800 et
880 769 1060 801 breviorem
1091 770 1361 802 commentarium
1391 773 1423 802 et
1447 782 1484 802 ea

201 833 282 863 quae
311 822 344 853 in
368 821 516 853 Danielis
548 822 639 853 libris
668 822 743 854 huic
773 823 883 854 addita
915 825 1023 855 essent
1052 834 1088 855 ex
1120 824 1246 866 integro
1271 822 1373 856 Servii
1398 836 1482 856 com-

201 875 372 915 mentario,
397 887 491 917 quem
517 876 556 907 iis
581 887 662 917 quae
686 876 782 908 hodie
807 876 866 908 sub
892 876 1071 908 doctissimi
1095 877 1181 908 illius
1203 878 1407 919 grammatici
1427 889 1482 909 no-

201 929 286 961 mine
315 930 476 961 ferrentur
499 930 677 971 pleniorem
702 930 800 961 fuisse
826 930 887 961 sibi
912 931 1088 971 persuasit,
1124 931 1286 972 exscripta
1310 942 1378 962 esse
1403 931 1484 963 dixit

200 983 297 1024 idque
322 982 487 1015 Macrobio
517 984 655 1014 maxime
685 986 874 1024 comparato
900 984 1021 1015 firmari
1045 985 1157 1016 voluit.
1193 984 1291 1026 longe
1316 985 1411 1016 aliter
1435 986 1480 1017 iu-

201 1037 389 1068 dicaverunt
427 1036 656 1068 Pancratius
694 1037 903 1069 Masvicius
942 1040 975 1069 et
1008 1037 1223 1069 Odofredus
1261 1037 1485 1072 Muellerus.

200 1091 256 1121 ille
281 1091 365 1122 enim
391 1090 445 1122 ‘de
461 1090 549 1122 Petri
565 1090 729 1123 Danielis'
754 1091 859 1133 inquit
883 1091 1150 1132 ⁹supplementis,
1176 1103 1257 1132 quae
1278 1103 1314 1123 ex
1330 1091 1483 1125 Fuldensi

201 1144 309 1175 codice
340 1144 488 1175 hausisse
521 1156 554 1176 se
585 1145 635 1176 vir
668 1145 780 1176 doctus
814 1147 954 1176 testatus
989 1147 1050 1185 est,
1084 1145 1160 1186 quid
1193 1146 1332 1177 sentiam
1366 1147 1484 1179 dubius

204 1199 334 1239 haereo3
366 1200 402 1229 ut
427 1200 535 1230 tamen
561 1199 661 1230 animi
686 1210 779 1230 sensa
803 1199 904 1230 libere
928 1199 1116 1240 proloquar,
1146 1199 1223 1231 licet
1246 1200 1391 1240 profecto
1417 1200 1484 1232 Ser-

203 1252 255 1283 vio
276 1251 525 1293 haudquaquam
546 1253 611 1284 sint
630 1253 777 1295 indigna,
799 1253 838 1284 ab
859 1253 930 1294 ipso
951 1254 1061 1284 tamen
1076 1252 1187 1285 Servio
1207 1254 1353 1294 profecta
1377 1256 1485 1287 nullus

203 1305 405 1346 crediderim,
430 1306 485 1337 sed
511 1318 546 1338 ex
569 1306 699 1339 Graecis
719 1306 907 1348 Latinisque
933 1307 1063 1338 scholiis
1089 1318 1108 1338 a
1131 1307 1200 1338 viro
1226 1307 1365 1349 quodam
1390 1309 1484 1341 docto

203 1359 339 1390 collecta
364 1361 396 1390 et
420 1359 543 1400 addita,
568 1363 664 1402 atque
689 1361 735 1392 ita
762 1361 811 1392 vel
839 1371 896 1401 per
916 1372 1057 1392 errorem
1078 1360 1190 1391 deinde
1211 1361 1261 1392 vel
1282 1361 1389 1393 dedita
1409 1374 1485 1404 quo-

204 1423 263 1454 que
293 1424 391 1453 opera
417 1412 527 1445 Servio
557 1414 732 1456 adscripta,
764 1414 858 1445 sicuti
888 1414 998 1445 doctas
1025 1414 1092 1445 eius
1119 1414 1206 1445 modi
1230 1414 1357 1446 fraudes
1383 1416 1485 1448 factas

204 1466 394 1507 quandoque
419 1469 531 1498 notum
557 1468 626 1499 est’.
657 1468 832 1499 Muellerus
858 1470 965 1499 autem
990 1468 1045 1499 ubi
1071 1468 1103 1499 in
1126 1467 1328 1509 praefatione
1348 1469 1425 1500 libri
1446 1470 1483 1502 de

203 1519 350 1551 Etruscis
377 1520 489 1560 scripti
515 1520 558 1561 (p.
580 1520 615 1563 ὃ)
640 1521 848 1563 antiquorum
872 1521 1010 1563 Vergilii
1034 1522 1248 1562 interpretum
1273 1522 1310 1553 de
1336 1524 1486 1555 vetustis-

205 1573 295 1604 simis
325 1573 481 1604 Italorum
515 1574 625 1616 rebus,
653 1574 691 1606 de
721 1586 812 1606 sacro
843 1574 1062 1606 Romanorum
1092 1574 1173 1614 iure,
1208 1574 1246 1605 de
1274 1574 1484 1608 Etruscorum

205 1627 376 1668 disciplina
414 1627 601 1659 testimonia
636 1628 810 1659 utilissima
843 1628 904 1659 sibi
939 1627 1038 1659 fuisse
1077 1627 1241 1668 professus
1275 1629 1337 1671 est,
1376 1641 1485 1662 eorum

206 1681 393 1712 memoriam
425 1692 489 1711 non
519 1692 536 1711 a
562 1680 686 1721 Servio,
716 1682 771 1713 sed
800 1682 840 1713 ab
870 1682 928 1713 illo
962 1683 1187 1713 conservatam
1221 1692 1290 1712 esse
1323 1681 1403 1712 dixit
1433 1679 1486 1721 qui

205 1746 243 1765 ea
274 1734 460 1775 collegisset
493 1745 574 1775 quae
608 1735 641 1766 in
675 1735 786 1776 paucis
821 1735 915 1766 libris
940 1734 974 1777 (i.
1005 1746 1029 1766 e.
1060 1735 1092 1766 in
1122 1734 1318 1776 Danielinis)
1354 1733 1486 1775 vulgato

206 1788 438 1819 commentario
464 1788 572 1818 addita
598 1791 703 1820 essent
728 1791 760 1820 et
784 1789 824 1820 ab
846 1788 1023 1820 editoribus
1044 1788 1169 1820 uncinis
1190 1788 1310 1820 includi
1331 1787 1487 1818 solerent:

205 1852 303 1883 quare
323 1852 387 1872 11011
404 1840 557 1883 Servium,
582 1842 636 1873 scd
657 1843 850 1884 interpretes
871 1843 954 1883 apud
971 1841 1118 1873 Servium
1139 1854 1171 1873 se
1192 1842 1397 1873 laudaturum
1417 1851 1486 1872 esse

206 1895 261 1926 ubi
273 1895 469 1926 testimoniis
482 1895 545 1926 illis
562 1907 637 1927 usus
654 1898 749 1927 esset.
778 1896 863 1927 idem
879 1896 911 1927 in
927 1896 1015 1927 Festi
1031 1895 1207 1936 exemplari
1223 1894 1337 1936 (praef.
1353 1905 1383 1935 p.
1393 1892 1486 1937 XJV)

207 1948 357 1989 antiquos
370 1947 508 1988 Vergilii
524 1949 716 1989 interpretes
733 1949 787 1990 qui
808 1960 879 1980 cum
895 1948 1005 1980 Servio
1030 1948 1197 1979 commixti
1221 1949 1328 1979 essent
1352 1958 1487 1979 comme-

208 2002 355 2033 moravit.
393 2013 465 2033 cum
489 2002 540 2032 his
566 2005 746 2043 congruunt
771 2002 835 2034 fere
857 2013 937 2043 quae
963 2014 981 2033 a
1005 2012 1055 2033 me
1081 2001 1157 2032 olim
1182 2001 1276 2042 (mus.
1293 2001 1393 2033 Rhen.
1409 2000 1486 2032 XIV

207 2067 236 2096 p.
253 2055 318 2086 535
330 2066 397 2096 sqq.
422 2054 481 2086 XV
497 2067 527 2096 p.
542 2056 678 2097 llflsqq.
709 2058 831 2097 quaest.
847 2055 933 2088 Serv.
950 2054 1023 2086 Hal.
1046 2054 1144 2096 1867)
1166 2055 1203 2085 de
1223 2055 1284 2086 hae
1300 2055 1486 2095 quaestione

207 2109 375 2149 proposita
405 2111 480 2139 sunt
508 2120 610 2150 neque
638 2111 747 2140 tamen
778 2109 874 2150 plena
908 2110 939 2139 et
974 2109 1060 2139 iusta
1094 2107 1375 2149 argumentatione
1404 2117 1486 2138 com·

208 2162 339 2203 probari
363 2165 548 2203 potuerunt.
594 2163 677 2204 quod
702 2164 778 2193 tnnc
804 2162 959 2193 omissum
985 2164 1034 2193 est
1057 2164 1093 2193 ut
1116 2162 1177 2193 hoc
1202 2161 1273 2192 loco
1298 2159 1487 2192 exhibeatur

208 2226 339 2256 operam
361 2215 451 2246 dabo.
491 2215 545 2247 sed
566 2218 738 2257 antequam
760 2215 798 2247 ad
819 2226 891 2246 eam
915 2226 983 2246 rem
1007 2226 1058 2246 me
1081 2217 1276 2255 convertam,
1300 2213 1380 2245 illud
1405 2225 1486 2245 com-

208 2269 449 2301 memorandum
476 2272 538 2309 cst,
564 2270 595 2300 111
620 2270 732 2301 codem
753 2270 943 2311 argumento
964 2280 1066 2310 nuper
1087 2270 1246 2300 versatum
1273 2278 1341 2298 esse
1361 2267 1487 2299 Aemi-

209 2323 298 2354 lium
325 2322 502 2363 Thomas,
527 2323 579 2363 qui
597 2334 680 2354 anno
705 2324 788 2354 1875)
805 2322 937 2354 Parisiis
963 2323 1079 2354 librum
1100 2321 1199 2353 edidit
1223 2321 1312 2352 cuius
1337 2321 1415 2352 hace
1440 2323 1488 2353 est

211 2375 377 2416 inscriptio
403 2375 509 2407 ‘Essai
535 2388 588 2407 sur
615 2376 742 2407 Servius
769 2377 800 2407 et
824 2387 881 2407 son
906 2376 1136 2407 commentaire
1162 2387 1215 2406 sur
1243 2374 1385 2416 Virgilc'.
1433 2375 1487 2416 qui
