1690 2611
436 149 549 177 COMM.
568 149 607 175 IN
627 147 732 175 VERG.
753 146 835 172 AEN.
856 145 902 172 ΙΙΙ.
924 147 1071 170 135-142.
1323 139 1387 170 369

118 233 255 266 Satin-no
277 243 371 273 quam
394 232 519 268 ωηατ
551 230 631 261 hane
658 229 740 260 enim
766 228 846 259 simet
867 226 1040 258 Saturnum
1064 223 1193 255 orbandi
1212 223 1390 262 potestatem
1439 251 1442 253 Α

117 287 232 318 habere.

210 340 281 371 140.
318 346 544 376 LINQVEBANT
576 344 710 367 DVLCES
744 342 873 365 ANIMAS
908 332 987 362 item
1021 330 1100 361 alibi
1134 328 1202 369 <IV
1236 328 1322 368 385>
1357 328 1393 358 et

120 404 201 424 oum
229 392 377 434 frigida
405 402 504 423 mors
530 389 655 421 anima
679 386 874 419 seduxerit
899 386 1015 416 artus.
1063 394 1161 424 quare
1186 383 1293 413 anima
1317 381 1393 412 dici-

120 449 173 477 tur
202 446 341 487 relinqui
370 447 402 476 et
429 455 494 475 non
522 443 628 484 magis
657 439 863 482 relinquere?
910 437 1083 469 secundum
1113 447 1167 467 eos
1193 435 1316 466 scilicet
1340 434 1394 475 qui
1415 440 1429 461 ῦ

123 500 235 531 dicunt
269 499 409 530 animam
442 508 511 528 esse
542 498 732 537 perpetuam
765 495 797 525 et
828 492 867 523 ad
899 492 1027 523 diversa
1056 500 1192 530 corpora
1220 488 1395 519 transitum

123 552 242 584 facere:
276 551 360 593 quod
389 551 417 582 si
445 552 507 590 est⁷
539 549 621 580 bene
649 547 797 587 dicimus,
831 557 889 576 nos
919 545 1043 575 animas
1067 543 1227 584 linquere,
1261 551 1396 582 quorum

123 606 204 636 nihil
229 606 358 646 praeter
382 614 496 644 eorpus
522 603 582 633 est:
614 612 687 632 nam
714 600 822 631 anima
845 597 1076 639 perpetuitatis
1101 596 1157 626 est.
1203 593 1286 625 unde
1310 593 1397 624 Pali-

124 670 222 690 nurus
251 659 286 689 in
314 659 403 688 sexto
434 656 541 696 <362>
570 666 668 686 nunc
698 665 752 684 me
782 652 930 683 fluctus
959 650 1092 690 habet,
1116 649 1176 680 hoc
1201 649 1251 679 est
1275 658 1399 687 corpus,

127 712 212 753 quod
239 712 344 743 solum
373 721 478 741 meum
508 711 565 739 est.
611 710 666 739 aut
694 709 769 739 certe
795 706 974 746 simpliciter
998 703 1139 734 ‘animas
1163 701 1263 733 dulces
1287 700 1399 740 linque·
1422 706 1454 728 10

126 765 224 806 bcmt’,
252 765 326 805 quia
354 762 551 794 morientibus
574 762 709 793 maxime
732 761 831 791 dulces
854 759 1011 790 videntur:
1047 756 1206 788 Terentius
1239 754 1402 786 animam.

126 819 337 858 relinquam
356 817 482 857 potius
506 826 611 856 quam
635 815 742 846 illum
766 814 937 845 deseram.
1028 823 1089 842 AVT
1108 822 1203 841 AEGRA
1231 820 1405 840 TRAHEBANT

129 873 188 903 (luo
211 872 297 903 mala
319 871 485 911 siywifieat,
513 871 569 899 aut
596 870 722 899 mortem
745 869 801 897 (cut
824 865 1046 906 aeyritudinem
1064 863 1232 903 prolixam.
1279 859 1403 901 ‘aeyra’

129 928 232 957 autem
267 926 398 965 aeyrota.
451 925 479 954 et
514 922 584 953 bene
621 921 741 952 addidit
777 918 946 959 ‘corpora’7
983 918 1055 958 quia
1094 919 1121 948 et
1157 916 1282 947 animus
1318 925 1405 955 aeyer

125 981 225 1020 potest
246 989 314 1010 esse.
1406 986 1409 988 -
1427 974 1458 996 15

223 1032 292 1063 141.
330 1039 494 1062 EXVRERE
529 1038 638 1061 snuvs
672 1036 785 1059 AGRos
824 1026 926 1058 Sirius
957 1025 1052 1056 stella
1082 1026 1131 1055 est
1164 1023 1198 1054 in
1232 1033 1285 1054 ore
1319 1021 1405 1053 canis

131 1086 252 1127 posita,
278 1096 358 1126 quae
383 1084 473 1115 annis
499 1083 647 1114 omnibus
673 1082 775 1113 oritur
800 1080 885 1111 circa
908 1077 995 1110 VIII.
1016 1078 1069 1109 Kt.
1092 1076 1205 1118 Iulias,
1230 1087 1311 1117 quae
1336 1077 1407 1107 orta

131 1140 318 1180 plerumque
347 1137 568 1179 pestilentiam
597 1138 668 1167 toto
697 1145 780 1166 anno
808 1133 901 1173 facit,
934 1132 1123 1173 plerumque
1151 1130 1262 1172 paucis
1286 1129 1408 1169 diebus,

132 1192 293 1224 interdum
323 1191 454 1222 innoxia
485 1190 636 1221 nascitur.
681 1188 757 1219 hinc
782 1189 831 1218 est
859 1188 896 1217 et
924 1186 962 1216 in
990 1187 1115 1216 totum
1144 1184 1327 1225 regnaret
1352 1181 1408 1213 Si-

133 1247 215 1278 rius
240 1256 389 1285 annum,
413 1245 492 1275 item
516 1254 612 1284 supra
636 1244 672 1273 et
695 1241 830 1272 letifer
855 1250 984 1271 annus.
1022 1241 1099 1270 tunc
1125 1239 1232 1269 autem
1256 1236 1408 1278 pestilen-
1428 1240 1461 1262 20

133 1301 214 1332 tiam
237 1300 334 1339 creat,
358 1298 386 1329 si
409 1298 443 1328 in
466 1297 550 1328 hanc
568 1307 636 1327 rein
656 1295 753 1326 etiam
774 1296 955 1326 ceterorum
974 1291 1156 1324 consentiat
1177 1302 1287 1322 cursus
1308 1292 1409 1322 astro-

135 1364 216 1385 rum.
264 1363 340 1384 sane
365 1351 520 1391 canicula,
544 1351 578 1381 in
602 1349 690 1380 cuius
716 1359 769 1379 ore
794 1350 851 1388 est,
875 1349 1003 1378 tantuin
1028 1345 1154 1387 generis
1177 1344 1328 1375 feminini
1352 1345 1410 1383 est,

136 1418 207 1438 cum
232 1406 275 1437 sit
299 1405 386 1436 canis
411 1403 589 1436 communis
615 1402 756 1443 generis,
785 1401 866 1432 unde
890 1400 951 1431 hoc
974 1399 1133 1430 nascitur:
1162 1409 1238 1429 nam
1261 1397 1296 1428 in
1320 1396 1411 1428 dimi-

136 1459 269 1490 nutione
293 1458 433 1489 mutavit
457 1467 568 1498 genus.
680 1466 818 1487 STERILES
846 1466 985 1485 mmmm
1007 1465 1099 1484 Amos
1121 1451 1272 1483 evm-eudo
1295 1449 1412 1482 steriles

137 1513 266 1544 reddere.
1433 1505 1464 1527 ‘271

229 1565 299 1596 142.
338 1572 442 1596 SEGES
467 1570 583 1593 AEGRA
608 1560 732 1602 ‘seges'
757 1559 918 1591 interdum
941 1560 1063 1590 terram
1089 1558 1263 1599 significat,
1287 1558 1324 1588 ut
1347 1556 1414 1587 Ho-

138 1618 240 1649 ratius
272 1617 365 1648 haec
399 1626 510 1657 seges
544 1615 721 1656 ingratos
754 1612 849 1644 tulit
882 1614 917 1643 et
950 1612 1050 1643 feret
1082 1611 1258 1642 omnibus
1291 1610 1414 1650 annis,

139 1671 301 1702 interdum
324 1670 534 1708 frumentum,
562 1669 598 1699 ut
627 1666 718 1708 quid
747 1666 868 1697 faciat
898 1665 1023 1696 laetas
1058 1665 1225 1705 segetes:
1258 1663 1413 1694 hocloco

143 1726 314 1765 utrumque
338 1724 446 1763 potest
469 1721 626 1762 intellegi.

214 1805 244 1827 11
265 1782 422 1835 Terentius]
443 1800 485 1826 ad.
505 1800 544 1825 Ill
562 1802 587 1831 4,
607 1802 639 1825 5⁶2
664 1799 672 1832 ΙΙ
698 1802 728 1824 19
749 1799 777 1823 et
796 1798 824 1823 in
842 1797 944 1831 totum]
966 1797 1035 1822 Stat.
1057 1795 1143 1822 Theb.
1164 1795 1176 1821 Ι
1196 1797 1246 1821 635
1271 1796 1280 1828 ΙΙ
1308 1797 1342 1820 26
1362 1794 1415 1819 Ho-

142 1837 242 1871 ratius]
263 1845 305 1870 ep.
325 1836 338 1862 Ι
358 1839 381 1869 7,
401 1839 432 1861 21
448 1837 505 1868 1128
525 1834 592 1868 quid
610 1834 708 1867 faciat]
729 1842 822 1867 georg.
842 1833 854 1858 Ι
872 1836 884 1858 1

214 1911 231 1933 4
249 1915 352 1940 quaere
375 1906 428 1939 ΗΙΙ
443 1908 458 1931 5
477 1905 565 1938 linqui
586 1905 654 1931 Mle
667 1905 676 1937 ΙΙ
690 1905 814 1937 linquere
834 1912 847 1929 e
869 1904 878 1936 ΙΙ
903 1906 918 1929 6
937 1903 1102 1936 perpetuam
1126 1910 1158 1927 ea:
1183 1902 1347 1935 perpetuum
1366 1900 1392 1926 L
1410 1900 1419 1933 ’,ἦ

144 1947 158 1969 7
180 1943 298 1969 dicimur
317 1942 350 1968 H
369 1943 378 1975 ss
401 1941 556 1974 relinquere
577 1940 606 1966 F
627 1941 636 1972 ΙΙ
664 1943 679 1966 8
703 1941 813 1973 praeter
838 1947 938 1972 corpus
962 1938 1033 1964 nihil
1053 1938 1095 1964 est
1114 1937 1139 1962 L
1158 1936 1229 1962 nihil
1249 1938 1291 1962 est
1310 1936 1420 1970 praeter

145 1987 244 2012 corpus
265 1978 302 2003 M
314 1978 352 2010 119
371 1985 427 2003 non
446 1976 471 2001 L
490 1977 573 2009 (nunc
593 1976 611 2008 l)
625 1976 634 2008 Η
653 1975 738 2001 habet
756 1975 924 2007 uersantque
943 1974 972 1999 in
991 1973 1074 1999 litore
1093 1972 1172 1998 uenti
1191 1972 1221 1998 F
1237 1973 1245 2005 ΙΙ
1261 1975 1294 1997 10
1314 1971 1420 1997 animas

144 2014 238 2040 dulces
261 2012 426 2046 linquebant
449 2012 559 2044 scripsi:
588 2011 697 2037 animae
721 2018 767 2036 eos
791 2009 923 2043 linquebat
947 2009 976 2034 et
994 2009 1024 2034 F
1050 2008 1160 2034 animae
1187 2016 1233 2033 eos
1257 2007 1421 2040 linquebant

147 2050 226 2083 vulyo
241 2050 250 2082 ΙΙ
266 2052 296 2074 11
317 2047 465 2074 terrentius
485 2046 515 2072 F
535 2047 544 2079 ΙΙ
569 2049 600 2072 12
620 2046 701 2071 illum
721 2045 762 2071 F:
784 2045 864 2070 illam
884 2044 1040 2070 Mam-icius
1055 2044 1178 2077 primus,
1197 2043 1261 2069 illas
1276 2045 1421 2075 praestan·

145 2085 226 2111 tiores
248 2084 367 2110 Terentii
386 2082 451 2108 libri
473 2082 482 2115 ΙΙ
507 2085 539 2108 16
559 2082 595 2107 acl
615 2081 701 2107 Sirius
720 2081 751 2106 in
769 2080 892 2113 maryine
910 2080 974 2105 haec
993 2079 1133 2112 adscripta
1151 2081 1215 2104 sunt
1233 2079 1265 2104 in
1287 2077 1311 2103 T
1335 2077 1422 2110 syrius

147 2120 223 2146 canis
247 2127 366 2153 europae
392 2117 447 2144 fuit
473 2126 489 2143 a
514 2116 606 2143 minoe
633 2116 751 2142 donatus
777 2115 903 2148 eaphydo
929 2115 986 2148 (leq.
1008 2114 1141 2148 Cephalo)
1166 2113 1215 2147 qui
1242 2122 1304 2139 eum
1323 2112 1423 2138 thebas

147 2155 226 2181 duxit
248 2155 296 2181 ubi
319 2154 417 2187 uulpes
437 2154 498 2179 erat
517 2160 587 2185 quae
608 2160 625 2177 a
642 2151 719 2177 nullo
740 2159 806 2177 cane
826 2151 936 2183 poterat
955 2149 1018 2183 capi
1038 2158 1100 2176 cum
1120 2150 1215 2175 autem
1235 2156 1331 2175 canem
1351 2148 1422 2173 hunc

146 2191 255 2217 nullum
278 2190 381 2216 animal
405 2189 500 2222 posset
524 2187 641 2213 euadere
666 2187 764 2220 uulpes
783 2186 812 2211 'm
832 2194 928 2211 saxum
947 2186 1054 2211 matata
1074 2185 1134 2219 (sic)
1154 2185 1203 2211 est.
1235 2183 1311 2210 canis
1330 2185 1420 2209 autem

147 2226 177 2252 in
200 2226 276 2252 sidus
301 2226 329 2251 et
352 2225 415 2250 ideo
440 2223 521 2249 sirius
546 2222 635 2248 dictus
655 2223 697 2248 est
716 2221 782 2255 qnia
801 2221 830 2246 in
849 2220 914 2246 siria
933 2220 987 2246 fuit
1001 2228 1018 2246 ³0<
1034 2221 1129 2251 (mium
1148 2220 1256 2246 verbum
1276 2219 1396 2249 evamtii)

150 2271 240 2287 srmvs
264 2263 418 2287 constanter
441 2259 505 2284 ,ΕΗ
509 2259 545 2284 M
549 2258 578 2283 E
608 2259 617 2291 u
649 2267 767 2283 EKVRERE
791 2259 815 2282 et
837 2264 923 2282 Aenos
947 2264 995 2281 om.
1016 2255 1046 2281 F
1075 2256 1084 2288 ΙΙ
1116 2258 1148 2281 21
1175 2256 1252 2281 creat
1271 2275 1276 2280 .
1293 2275 1298 2279 .
1316 2275 1321 2279 .
1341 2253 1422 2279 etiam

149 2304 198 2323 om.
218 2296 244 2322 L
269 2297 310 2329 (in
328 2304 413 2329 mara.
433 2295 522 2328 suppl.
543 2294 563 2327 l)
587 2294 596 2326 ss
618 2293 671 2319 hac
692 2300 751 2318 rem
766 2292 804 2317 «Η
828 2292 880 2317 hac
899 2299 928 2317 re
949 2291 985 2316 M
990 2290 1019 2316 E
1041 2291 1050 2324 ss
1073 2294 1106 2317 23
1128 2290 1282 2317 communis
1302 2297 1350 2314 om.
1372 2287 1401 2313 F
1418 2304 1419 2313 l

149 2332 273 2358 noscitur
295 2331 324 2357 F
335 2332 344 2364 Η
358 2334 392 2357 24
408 2331 444 2356 ad
463 2329 570 2355 steriles
589 2337 664 2362 supr.
684 2335 750 2354 vers.
770 2335 840 2360 quos
859 2326 918 2361 ipse
939 2326 1077 2353 exurendo
1096 2326 1219 2353 faciebat
1238 2324 1345 2351 steriles
1365 2323 1426 2349 hab.

153 2367 177 2392 T
190 2367 199 2400 ΙΙ
214 2369 248 2392 28
267 2366 438 2393 frumentum
458 2365 530 2390 FL:
549 2364 688 2390 frumenta
706 2362 813 2389 HME

208 2415 284 2435 Servii
296 2421 375 2435 comm.
394 2415 446 2434 Vol.
461 2415 478 2433 Ι.
494 2414 559 2434 Fasc.
574 2414 592 2432 Ι.
1182 2408 1216 2431 24
