1690 2611
193 97 280 124 LVIII
723 95 937 122 PRAEFATIO.

194 191 265 211 cum
290 179 365 210 libri
395 190 475 219 quos
500 178 616 209 Daniel
645 178 714 220 ipse
738 178 876 210 contulit
900 188 1010 209 omnes
1039 177 1073 208 iu
1097 177 1235 209 Francia
1263 179 1375 220 scripti
1399 180 1471 221 sint,

193 233 225 264 id
251 244 376 275 quoque
398 232 630 264 monasterium
661 232 728 264 sive
757 232 935 273 capitulum
963 231 1052 263 cuius
1078 229 1125 262 Ἣ.
1151 230 1204 262 G.’
1232 231 1288 264 1116
1317 234 1471 273 patronus

192 287 290 319 fuerit
314 287 348 318 in
371 286 511 318 Francia
535 286 754 328 quaerendum
778 296 847 316 6556
868 285 992 326 opinor.

281 340 330 372 Ea
355 342 462 372 autem
491 351 572 381 quae
605 340 644 371 ad
672 340 815 380 primum
844 340 876 370 et
905 338 1080 370 secundum
1109 338 1270 371 Aeneidos
1294 339 1413 371 librum
1437 341 1472 372 in

192 395 253 426 hoc
278 393 386 426 codice
411 393 565 425 adnotata
590 395 666 424 sunt
691 404 706 424 e
732 393 866 434 vulgato
892 392 1124 424 commentario
1154 394 1186 424 et
1210 391 1389 425 Cassellani
1418 394 1471 425 ad-

194 447 381 479 ditamentis
417 449 568 488 excerpta
601 458 670 478 esse
704 448 827 477 certum
862 448 924 484 est,
957 445 1036 477 illud
1060 448 1169 477 tamen
1202 446 1343 478 dubitari
1376 458 1471 488 posse

194 502 300 541 video,
324 501 351 532 is
377 500 431 542 qui
455 500 517 532 hoc
537 499 839 532 commentariolum
859 500 1042 540 composuit
1061 501 1169 531 utrum
1193 500 1338 541 pleniore
1363 500 1471 542 aliquo

193 556 275 587 libro
310 565 386 586 usus
418 555 474 595 sit,
508 555 541 585 in
576 565 638 595 quo
664 553 820 585 Sei-viana
852 553 976 584 scholia
1009 564 1080 584 cum
1111 553 1270 585 additiciis
1302 555 1473 586 coniuncta

193 609 328 649 fuerint,
352 619 391 639 au
416 607 574 639 brevioris
599 605 821 638 commentarii
847 607 879 637 et
904 605 1129 637 additiciorum
1149 607 1346 647 scholiorum
1370 608 1471 640 libros

194 661 372 704 peculiares
397 661 557 692 habuerit.
600 662 697 702 atque
726 659 934 691 inveniuntur
964 670 1040 690 sane
1072 660 1105 691 in
1134 660 1282 693 Parisino
1312 672 1393 703 quae
1425 661 1473 693 ita

185 717 380 757 'comparata
409 715 486 755 sint,
518 717 553 746 ut
583 726 648 746 non
673 714 843 746 videantur
875 725 912 744 ex
944 713 1013 754 ipso
1044 713 1188 754 pleniore
1218 715 1302 747 libro
1327 715 1472 747 derivata

193 781 272 801 esse.
314 769 414 800 veluti
439 769 465 800 si
491 779 527 799 ea
557 779 637 809 quae
663 767 702 799 ad
726 767 741 797 I
769 768 783 798 1
815 767 978 808 adscripta
1007 769 1082 798 sunt
1110 778 1182 799 oum
1215 767 1401 801 Cassellano
1431 769 1471 801 ad

194 835 266 855 eum
286 834 414 854 versum
430 822 553 854 scholio
570 821 816 862 comparaveris,
841 831 905 852 non
922 820 1033 851 eadem
1048 820 1083 851 in
1093 822 1229 862 utroque
1248 822 1332 854 libro
1347 822 1471 854 ratione

193 877 300 908 aliena
323 888 395 908 611111
420 875 583 907 Servianis
609 885 729 906 conexa
749 885 818 906 6556
833 874 965 906 videbis.
1008 874 1042 904 in
1058 873 1245 906 Oassellauo
1266 876 1351 907 enim
1374 877 1472 908 verba

194 941 275 971 quae
301 932 375 961 sunt
384 931 490 970 primo
514 929 595 969 quod
615 929 735 968 fuerint
758 928 896 959 victricia
913 953 919 958 .
936 953 941 958 .
958 953 963 959 .
978 928 1044 959 viro
1064 938 1101 959 eo
1118 930 1278 968 spectant,
1303 930 1340 960 ut
1360 929 1473 962 ‘arma'

193 995 259 1016 non
283 996 340 1026 per
363 983 612 1024 metonymiam,
638 982 692 1014 sed
716 982 847 1023 proprie
864 981 949 1013 dicta
964 992 1033 1013 esse
1054 981 1256 1023 ostendatur,
1280 983 1312 1013 in
1328 982 1474 1015 Parisino

194 1038 366 1079 exponitur
381 1049 436 1069 cur
452 1037 492 1069 ab
509 1036 608 1068 armis
624 1035 768 1077 coeperit
783 1035 959 1076 Vergilius.
981 1035 1079 1066 etiam
1100 1035 1172 1066 aliis
1196 1036 1276 1067 10615
1300 1047 1384 1068 nova
1404 1047 1473 1068 cum

198 1091 341 1133 vulgatis
367 1091 493 1122 diverso
519 1089 614 1121 modo
640 1089 674 1120 111
698 1089 847 1120 Parisino
873 1091 905 1120 et
925 1088 1111 1121 Cassellano
1137 1089 1306 1121 coniuncta
1330 1092 1413 1121 sunt.
1438 1091 1476 1123 cf.

194 1146 208 1177 1
233 1146 253 1177 2
279 1144 323 1186 (p.
348 1146 381 1185 S,
406 1142 440 1186 (3)
464 1144 518 1175 ubi
543 1154 618 1175 sane
642 1141 680 1184 C,
704 1154 772 1174 vero
796 1142 835 1185 Ρ,
865 1143 880 1174 I
908 1144 929 1174 4
958 1142 1001 1185 (p.
1033 1144 1085 1184 11,
1115 1142 1149 1185 2)
1179 1154 1253 1175 saue
1281 1142 1306 1175 C
1334 1154 1408 1175 oviam
1435 1144 1475 1185 P;

194 1199 225 1230 II
252 1200 314 1230 140
339 1197 382 1240 (p.
407 1198 486 1239 242,
511 1196 544 1239 8)
571 1208 643 1229 cum
673 1197 881 1229 adnotatione
906 1197 1027 1228 critica.
1070 1197 1149 1228 adde
1179 1197 1264 1238 quod
1291 1208 1356 1229 non
1384 1198 1474 1230 nulla

195 1253 318 1284 scholia
342 1263 422 1293 quae
447 1251 611 1283 Danielini
637 1250 862 1282 commentarii
892 1252 1005 1282 auctor
1034 1261 1106 1282 cum
1136 1250 1279 1291 vulgatis
1311 1251 1476 1283 coniunxit

193 1308 227 1338 in
260 1306 408 1339 Parisino
441 1316 586 1337 seorsum
620 1305 781 1336 collocata
812 1306 897 1336 sunt.
941 1304 979 1335 cf.
1003 1303 1019 1335 I
1044 1305 1063 1336 6
1095 1303 1139 1346 (p.
1172 1305 1228 1345 12,
1260 1304 1328 1347 12);
1364 1305 1400 1336 11
1428 1304 1474 1348 (p,

198 1362 251 1401 16,
276 1359 325 1402 3),
350 1361 413 1391 233
440 1358 483 1402 (p.
509 1359 569 1400 88,
597 1357 664 1400 15);
689 1358 752 1389 259
779 1356 823 1399 (p.
849 1358 904 1399 96,
929 1357 1000 1399 2());
1025 1358 1106 1399 4913
1129 1358 1160 1388 Π
1188 1359 1250 1389 110
1275 1356 1318 1400 (p.
1339 1357 1474 1400 236‚8)3

197 1415 258 1446 159
284 1413 327 1455 (p.
352 1414 429 1452 246,
457 1412 521 1455 19).
563 1414 640 1444 sunt
663 1412 762 1444 etiam
787 1423 867 1453 quae
884 1423 899 1443 e
915 1411 1063 1443 Parisino
1089 1412 1321 1444 commentario
1345 1412 1379 1443 in
1398 1410 1474 1444 Cas-

195 1468 352 1500 selIanum
375 1467 535 1498 translata
560 1477 629 1498 esse
654 1466 750 1497 dicas.
793 1465 873 1497 Aen.
888 1466 903 1496 I
923 1466 942 1497 3
968 1466 1053 1496 enim
1078 1466 1111 1496 in
1136 1465 1193 1497 1110
1218 1465 1297 1497 haec
1322 1465 1474 1508 leguntur

195 1522 282 1562 Alto]
290 1522 380 1553 marl.
391 1521 558 1561 aliquando
566 1520 751 1560 superiorem
756 1522 877 1560 partem
884 1519 1038 1560 siyuificat
1043 1529 1053 1556 ‚·
1064 1529 1360 1559 uamquemensurae
1366 1530 1476 1551 nomen

195 1579 237 1607 631
260 1576 404 1615 altitudo,
433 1585 514 1616 quae
543 1585 581 1605 ex
611 1573 764 1605 Serviano
794 1572 918 1604 scholio
947 1575 1003 1604 aut
1031 1583 1082 1614 eo,
1116 1584 1153 1604 ex
1187 1584 1250 1614 quo
1278 1573 1340 1604 hoe
1367 1573 1473 1615 ipsum

198 1629 339 1670 fluxerit,
363 1628 556 1670 deprompta
575 1638 645 1658 esse
674 1628 819 1668 apparet.
848 1625 1053 1658 Cassellanus
1083 1628 1189 1658 autem
1220 1626 1349 1658 exhibet
1377 1627 1475 1658 altum

197 1687 299 1715 tranen
321 1683 477 1714 sciendum
501 1684 544 1713 631
566 1682 647 1721 quod
668 1683 695 1712 61
717 1681 903 1721 superiorem
920 1683 1044 1720 partem
1067 1681 1222 1721 se'yuisieat
1244 1682 1279 1711 ut
1302 1679 1406 1712 ‘illam
1426 1691 1475 1721 96-

196 1737 297 1768 uitum
322 1737 453 1768 demittit
475 1746 511 1767 ex
536 1734 614 1766 alto'
639 1738 666 1766 61
689 1735 867 1774 'inferiorem
886 1734 1080 1766 altitudinem
1094 1735 1250 1775 siquificat
1263 1744 1292 1765 n.
1308 1744 1347 1765 m.
1364 1744 1393 1766 u.
1408 1744 1431 1765 6.
1446 1745 1474 1765 a.

197 1791 236 1822 ad
262 1790 341 1821 Aen.
366 1790 381 1821 Ι
405 1790 425 1821 4
449 1789 547 1821 verba
572 1800 653 1830 quae
684 1789 758 1819 sunt
785 1788 806 1819 i.
829 1798 851 1819 6.
874 1788 905 1819 vi
928 1798 1020 1828 quam
1047 1788 1150 1828 superi
1177 1788 1287 1820 habeut
1311 1787 1475 1819 Servianis

197 1843 347 1875 videntur
367 1843 478 1875 addita
502 1854 571 1874 esse
595 1845 632 1874 ut
651 1842 823 1874 ‘violentia
847 1841 995 1874 deorum'
1021 1842 1079 1873 illa
1103 1842 1180 1884 quid
1200 1842 1262 1874 sibi
1287 1842 1405 1874 vellent
1428 1842 1475 1872 in-

197 1898 416 1938 tellegeretur.
459 1897 532 1928 inde
561 1897 666 1938 possis
696 1896 801 1928 dicere
830 1896 975 1928 derivata
1008 1906 1077 1927 esse
1111 1907 1191 1937 quae
1224 1896 1258 1927 111
1287 1895 1475 1927 Cassellano

197 1949 242 1992 (p.
269 1952 322 1991 10,
350 1952 404 1991 10)
430 1951 529 1982 habes
557 1951 609 1982 secl
632 1951 741 1982 melius
762 1950 899 1982 iudicant
922 1950 953 1981 vi
976 1959 1069 1990 quam
1092 1950 1196 1990 superi
1218 1949 1335 1981 liabent.
1376 1948 1409 1980 Π
1435 1949 1475 1980 72

196 2003 208 2045 (
211 2016 240 2045 p.
265 2004 343 2045 228,
368 2004 424 2046 26)
461 2004 544 2045 quod
578 2004 744 2036 Parisinus
774 2004 874 2036 habet
904 2004 1041 2043 infensus
1064 2004 1191 2044 proprie
1216 2006 1259 2035 631
1285 2003 1324 2035 ab
1351 2003 1475 2034 ‘inimico

196 2058 298 2089 maior
321 2058 415 2089 facile
440 2058 550 2089 credas
576 2069 592 2089 e
613 2058 756 2100 vulgatis
782 2060 854 2089 orta
879 2068 949 2089 esse
979 2068 1059 2099 quae
1089 2060 1165 2089 sunt
1193 2057 1332 2097 ‘infensus
1348 2056 1475 2096 proprie

195 2114 238 2143 631
253 2112 326 2152 plus
349 2122 441 2151 1111(sz
468 2112 618 2142 inimimm.
653 2110 860 2142 (ss'assellanus
876 2112 1012 2152 utraque
1038 2110 1144 2142 habet.
1185 2121 1225 2142 ne
1248 2109 1328 2141 illud
1346 2108 1473 2150 quidem

197 2164 412 2196 omittendum
438 2166 487 2195 est
512 2165 647 2196 inveniri
677 2165 709 2195 in
735 2164 882 2195 Parisino
918 2175 998 2204 quae
1023 2164 1056 2195 in
1084 2164 1229 2205 pleniore
1253 2162 1335 2194 libro
1361 2162 1475 2202 desint,

198 2219 298 2250 veluti
328 2218 367 2249 ad
392 2217 406 2249 I
432 2218 471 2249 27
505 2218 629 2249 Paridis
660 2218 813 2259 fabulam,
843 2218 907 2249 3238
933 2217 1090 2249 scholium
1114 2217 1154 2249 ad
1189 2215 1378 2256 ξΙί66111(1113’,
1408 2215 1474 2247 456

199 2272 357 2303 scholium
383 2271 422 2303 ad
448 2271 512 2302 ‘Ex
538 2270 679 2311 ordinc',
704 2271 734 2301 11
755 2271 812 2302 127
835 2271 994 2302 scholium
1012 2270 1051 2302 ad
1076 2269 1245 2301 ‘Prodere’
1270 2268 1475 2310 adscriptum.

201 2325 214 2356 1
242 2326 280 2356 77
299 2324 342 2367 (p.
362 2325 418 2366 43,
438 2324 469 2367 1)
494 2328 520 2356 61
545 2327 587 2356 631
611 2325 768 2364 inlinitum
793 2324 917 2356 omittit
932 2323 1146 2356 Cassellanus.
1184 2322 1198 2354 I
1215 2323 1278 2354 375
1295 2321 1332 2354 ad
1353 2321 1473 2353 ‘Forte’
