1690 2611
475 117 588 145 COMM.
608 116 647 143 IN
667 116 774 144 VERG.
794 115 877 142 AEN.
898 115 931 142 ΙΙ.
952 118 1100 142 304-315.
1360 114 1422 146 271

148 201 262 234 mium
292 200 421 233 vicina
445 199 661 232 Cremonae.
751 211 898 230 momnis
918 211 1016 230 ARDET
1041 199 1198 237 rentrffoiv]
1229 197 1299 229 bene
1328 178 1429 237 [erqo]

144 256 282 295 primam
310 255 463 295 Deiphobi
494 254 618 285 doniam
646 253 720 284 dicit
750 253 904 290 invasam,
936 252 1021 291 apud
1050 262 1136 290 quem
1167 251 1289 282 Helena
1315 251 1426 291 ficerat,

148 309 312 340 seeundum
350 308 547 348 Ucalegonem
572 306 689 346 posuit,
722 315 809 345 quem
841 306 930 336 iuxta
960 304 1133 335 Homerum
1166 305 1200 335 in
1233 304 1369 335 consiliis
1400 306 1428 334 et

147 361 286 392 amicitia
309 363 427 392 constat
448 360 573 391 Priami
593 359 698 398 faisse.

238 415 311 446 312.
349 413 531 455 SIGEAsduo
553 414 628 444 sunt
642 412 758 443 Troiae
778 411 1017 452 promunturia,
1036 410 1218 441 Rhoeteum
1238 413 1270 441 et
1286 410 1426 452 Sigeum,

149 468 234 509 quod
267 467 389 498 dictum
421 469 471 498 est
502 468 635 507 propter
667 465 817 497 Herculis
851 464 1122 504 taciturnitatem,
1156 464 1211 504 qui
1244 464 1427 504 prohibitus

149 521 292 561 hospitio
316 531 336 551 a
359 520 562 552 Laomedonte
586 519 752 550 simulavit
776 519 974 558 abscessum,
1006 519 1038 547 et
1062 516 1137 547 inde
1162 518 1273 547 contra
1297 516 1427 548 Troiam

148 585 205 615 per
234 574 400 605 silentium
428 573 528 611 venit,
558 572 642 614 quod
671 572 788 603 dicitur
811 569 896 612 σιγή.
987 579 1100 601 FRETA
1124 579 1216 600 LATA
1240 578 1426 600 RELVCENT

150 627 290 659 incendii
318 626 572 668 magnitudinem
601 626 704 657 voluit
733 625 928 667 significare,
961 634 1027 654 non
1056 623 1119 654 hoc
1147 623 1334 655 describere.
1383 625 1429 662 [11ιέ

149 681 235 712 nobis
254 681 417 712 ostenderet
433 689 526 720 quam
546 679 610 710 lata
629 679 712 718 sint]
752 677 843 709 ‘lata'
864 680 972 709 autem
996 677 1080 718 ideo,
1105 677 1181 718 quia
1205 688 1238 708 se
1258 677 1428 718 angustiae

151 733 280 765 Pontici
304 734 368 765 oris
392 733 460 765 illic
484 733 637 774 dilatant,
661 734 697 763 ut
722 731 895 764 Sallustius
921 731 1011 762 dixit.

239 788 312 819 313.
350 799 521 822 emmonem
544 799 636 818 wem
657 786 718 817 sive
736 786 790 826 qui
808 786 1023 823 caedebantur,
1042 785 1103 816 sive
1121 785 1174 824 qai
1192 784 1361 815 caedebant.

151 849 314 872 CLANGOR
338 840 497 872 Graecum
527 842 589 871 est:
619 851 694 870 nam
722 836 848 879 κλαγγὴ
878 838 1002 869 dicitur.
1048 837 1129 868 illud
1158 848 1234 867 sane
1264 837 1428 868 sciendum

150 895 212 934 est,
241 893 316 934 quia
339 904 461 925 morem
489 893 600 934 tetigit
624 892 886 934 expugnationis3
918 891 1106 932 plerumque
1135 890 1219 921 enim
1249 890 1289 921 ad
1317 890 1429 921 tubam

151 948 338 978 evertuntur
362 947 522 986 civitates,
547 946 630 976 sicut
654 945 774 976 Albam
798 944 912 975 Tullus
936 943 1097 975 Hostilius
1122 943 1217 974 iussit
1241 944 1351 975 everti.

240 1000 313 1031 314.
350 1008 463 1030 AMENS
484 999 538 1040 qui
558 1010 615 1030 1190
636 999 769 1030 somniis
789 997 922 1038 credidi,
945 1008 1003 1029 1190
1023 997 1117 1028 rebus
1139 997 1286 1037 aspectis.
1312 998 1431 1036 [qnam—

152 1054 202 1085 vis
229 1054 356 1093 quidam
387 1054 431 1084 sie
458 1053 622 1092 eaponant]
652 1065 733 1083 CAPIo
760 1062 823 1082 non
854 1051 997 1082 manibus
1030 1051 1195 1090 [interim],
1227 1051 1280 1081 sed
1310 1051 1431 1086 (minem

152 1117 226 1138 nam
250 1107 284 1138 in
308 1109 378 1138 teoto
401 1109 482 1143 9111ιέ,-
506 1116 575 1146 eryo
600 1104 708 1145 ‘capio’
727 1105 829 1145 placet
852 1104 929 1135 mihi
951 1114 1076 1136 sumere.
1164 1116 1286 1135 ivri-sar
1298 1115 1434 1134 mrmms

152 1173 187 1193 nv
205 1173 295 1191 ARMIS
317 1162 372 1190 aut
394 1160 540 1199 qnoniam
560 1158 696 1198 ε(ωηεηέ,
719 1159 785 1189 ideo
804 1169 857 1189 nee
875 1161 923 1189 sat
943 1158 1090 1188 rationis:
1114 1159 1169 1187 aut
1187 1157 1338 1188 ostendere
1360 1156 1432 1196 ruit,

147 1214 286 1254 primam
309 1213 570 1253 eixcoyitationem
591 1212 688 1251 fuisse
711 1212 746 1243 de
764 1212 886 1251 patria,
909 1212 961 1242 sed
982 1210 1177 1242 snbreniendi
1195 1211 1222 1241 ei
1240 1211 1338 1241 (crinis
1362 1210 1431 1240 nid-

154 1268 217 1298 lam
246 1267 343 1307 fuisse
374 1267 536 1307 rationem,
573 1266 698 1296 ardente
732 1265 795 1296 iam
821 1266 947 1305 patratu·
983 1264 1129 1305 quomodo
1162 1264 1244 1294 enim
1278 1264 1431 1294 incensam

152 1321 303 1352 civitatem
326 1320 501 1360 defenderet.

243 1374 316 1406 315.
353 1382 466 1405 BELLO
491 1374 531 1405 ad
554 1373 684 1404 bellum.
771 1384 958 1404 oozvchRERE
977 1384 1008 1403 nv
1030 1383 1128 1402 Aaou!
1147 1370 1227 1410 quod
1248 1370 1319 1401 indo
1340 1370 1432 1409 faede

149 1428 249 1468 possit
265 1428 404 1468 pugnari
427 1427 569 1459 hostibus.

226 1509 241 1531 3
261 1505 425 1540 Homerum]
446 1505 477 1531 Il.
499 1505 659 1538 111,138u5
681 1504 792 1537 Sigeum
813 1504 887 1537 quod
906 1504 1010 1530 dictum
1030 1504 1073 1530 est
1092 1524 1098 1529 .
1115 1525 1120 1529 .
1138 1524 1142 1529 .
1164 1500 1240 1536 σιγή]
1261 1510 1346 1528 exscr.
1367 1501 1430 1528 Isid.

156 1541 223 1575 orig.
246 1541 309 1567 XIV
330 1545 353 1574 7,
373 1544 388 1567 2
413 1542 442 1567 et
465 1541 603 1574 mythogr.
629 1541 653 1566 11
680 1543 728 1566 199
752 1541 761 1573 ΙΙ
786 1543 817 1565 11
844 1539 1006 1574 Sallustius]
1031 1539 1094 1565 hist.
1119 1538 1218 1572 fragm.
1242 1538 1281 1563 ΙΙΙ
1305 1540 1338 1563 50
1358 1538 1403 1563 Kr.
1424 1539 1432 1571 ’ζ

158 1581 189 1603 13
210 1577 284 1603 lllud
303 1584 368 1602 sane
387 1576 529 1603 sciendum
550 1584 572 1602 e.
588 1585 613 1609 q.
630 1575 663 1609 s.]
685 1576 718 1601 cf.
739 1575 807 1601 Enn.
827 1575 918 1601 annal.
938 1575 987 1601 rel.
1008 1575 1031 1600 ΙΙ
1053 1578 1084 1600 17
1107 1583 1133 1608 p.
1154 1578 1186 1599 ⁸23
1207 1573 1288 1600 Vahl.

232 1652 244 1674 1
274 1656 333 1674 rem
361 1648 458 1674 domus
487 1668 492 1673 .
513 1668 518 1672 .
540 1668 545 1673 .
569 1646 661 1673 vicina
686 1646 849 1680 Cremonae]
881 1646 944 1672 don.
968 1647 996 1678 (ι’.
1016 1654 1035 1672 e.
1063 1645 1233 1677 ‘Domitios'²
1257 1647 1287 1670 nt
1315 1645 1431 1675 videtur)

156 1692 248 1717 maryo
270 1683 346 1709 ME.
373 1684 435 1709 item
454 1683 482 1708 id
501 1682 592 1716 ipsum
611 1682 684 1708 enim
704 1683 747 1708 est
764 1682 838 1715 quod
858 1683 973 1717 mantua
991 1690 1033 1707 ue.
1061 1681 1133 1706 sicut
1152 1681 1226 1706 enim
1245 1680 1360 1706 mantua
1380 1680 1432 1705 luit

157 1718 377 1745 cremonensium
396 1727 482 1752 penas
502 1718 542 1744 ita
560 1718 693 1751 tualegon
717 1717 833 1750 diphobi
857 1725 950 1750 maryo
970 1717 999 1741 E
1021 1718 1029 1749 ΙΙ
1053 1720 1067 1742 2
1088 1717 1207 1750 primam
1230 1716 1342 1749 scripsi:
1369 1724 1431 1749 pro-

157 1755 232 1780 ximo
253 1754 274 1780 C
291 1754 444 1787 proximam
466 1750 522 1787 ΟΞΠ
536 1753 581 1779 dei
600 1753 693 1787 phobo
710 1753 732 1779 Ο
750 1753 794 1778 dei
813 1752 916 1786 phoebi
933 1752 966 1778 ΟΞ
980 1754 988 1785 ΙΙ
1003 1756 1017 1777 3
1039 1752 1238 1785 Ucalegontem
1256 1751 1410 1777 Masvieins
1424 1751 1432 1784 l]

158 1793 173 1815 5
193 1790 230 1816 ad
248 1798 271 1816 v.
292 1792 342 1815 312
364 1789 457 1823 Sigea]
479 1789 532 1815 duo
553 1790 617 1814 sunt
637 1809 642 1814 .
659 1811 664 1815 .
681 1809 686 1814 .
721 1788 804 1814 Freta
823 1788 882 1813 lata
901 1787 1037 1821 relucent]
1063 1787 1184 1813 incendii
1211 1786 1431 1820 magnitudinem

158 1825 249 1851 uoluit
268 1824 437 1858 significare,
457 1833 512 1850 non
531 1833 614 1857 quam
634 1825 693 1850 lata
712 1824 775 1850 sint.
798 1824 824 1848 P
846 1824 856 1856 ΙΙ
878 1823 967 1849 troiae
987 1822 1194 1856 promunctoria
1213 1822 1315 1847 LHM
1343 1822 1431 1848 troiae

158 1860 348 1894 promontoria
369 1860 396 1885 P
417 1860 606 1893 promontoria
625 1859 713 1886 troiae
734 1859 756 1885 G
773 1861 828 1891 (mo
849 1862 872 1884 et
892 1868 907 1884 o
928 1868 944 1884 a
963 1867 1047 1884 manli
1066 1859 1128 1891 rec.)
1152 1859 1160 1890 ΙΙ
1182 1859 1306 1883 roeteum
1328 1857 1350 1882 C
1373 1866 1430 1883 roe-

158 1896 254 1922 theum
275 1895 338 1921 LH
353 1895 479 1921 retheum
500 1895 536 1920 M
554 1896 562 1928 ΙΙ
581 1895 685 1921 siceum
707 1895 729 1920 Ο
746 1895 862 1928 (sigeum
884 1894 926 1926 ΟΛ)
941 1895 949 1927 ΙΙ
972 1897 985 1919 7
1006 1893 1165 1920 lamedonte
1185 1893 1212 1918 1>
1227 1894 1235 1926 Η
1255 1895 1269 1918 8
1289 1893 1366 1918 uenit
1385 1901 1433 1926 per

161 1931 301 1957 silentium
320 1931 346 1956 L
360 1932 368 1963 ΙΙ
387 1930 448 1964 per]
468 1938 485 1955 a
505 1930 532 1955 P
544 1931 553 1963 ΙΙ
572 1930 630 1963 sige
650 1930 752 1956 dicitur
773 1930 808 1955 M
825 1931 834 1963 [Ι
854 1930 912 1962 sige
933 1929 1082 1955 GLHPE
1099 1930 1108 1962 ΙΙ
1127 1938 1261 1954 nnnvci-:x‘r
1279 1936 1328 1954 om.
1350 1928 1409 1953 Oli
1424 1929 1432 1955 1

160 1970 175 1992 9
195 1965 518 1999 incendmagm'tudinem
535 1965 557 1992 Ο
568 1966 577 1999 ss
592 1965 759 1999 significare]
780 1965 969 1991 demonstrare
985 1965 1019 1990 M
1034 1966 1042 1997 fl
1056 1965 1121 1999 hoc]
1137 1964 1190 1990 hoc
1204 1964 1315 1996 quidem
1330 1963 1433 1989 Daniel

155 2003 265 2035 primus
279 2003 288 2035 ss
304 2005 334 2027 11
355 2000 462 2035 pontici
480 2000 548 2035 oris]
568 2001 736 2034 hellesponti
752 2001 773 2026 Ο
786 2002 795 2033 ΙΙ
809 2000 913 2034 pontici
929 2001 966 2026 M
970 2000 999 2026 Ε
1004 2001 1026 2026 Z:
1045 2001 1123 2033 ponti
1139 1999 1200 2025 LH
1212 2000 1221 2032 ll
1236 2001 1267 2024 ut
1286 1999 1433 2025 Sallustius

160 2037 231 2063 dixit
250 2045 298 2063 om.
317 2036 339 2063 Ο
357 2038 365 2069 [1
384 2036 458 2062 salus
479 2036 511 2061 H
526 2037 535 2069 ΙΙ
559 2036 627 2062 dicit
646 2036 671 2061 L
695 2037 704 2069 ΙΙ
729 2039 759 2061 12
780 2037 816 2062 ad
834 2045 857 2061 v.
878 2039 929 2061 313
950 2035 1082 2069 Clangor]
1105 2035 1273 2061 Graecorum
1294 2036 1346 2066 θεῖς
1368 2043 1431 2060 nam

160 2070 266 2106 κλαγγὴ
288 2072 408 2105 (clange)
427 2071 537 2097 dicitur.
560 2071 587 2096 P
599 2072 607 2104 Ι]
622 2071 791 2097 cedebantur
810 2074 834 2096 et
853 2071 990 2097 cedebant
1005 2071 1028 2096 0
1039 2072 1048 2104 ΙΙ
1064 2074 1095 2096 13
1115 2078 1260 2104 grecorum
1277 2070 1299 2095 C'
1310 2070 1319 2102 11
1334 2070 1432 2102 clange

132 2126 135 2128 -
161 2109 226 2134 libri
240 2109 249 2142 ss
269 2111 301 2133 14
320 2115 396 2134 more
416 2107 448 2132 H
460 2108 468 2140 ΙΙ
489 2110 520 2132 15
541 2107 700 2132 euertentur
719 2106 744 2132 L
758 2107 767 2139 ΙΙ
784 2106 871 2132 tulius
886 2106 912 2131 L
931 2106 1027 2132 tullius
1048 2106 1118 2131 ME
1131 2107 1140 2139 11
1163 2109 1194 2131 16
1215 2106 1251 2131 ad
1269 2114 1292 2131 v.
1313 2108 1363 2140 3171
1385 2104 1433 2130 Sat

161 2161 287 2195 rationis]
309 2161 439 2194 quoniam
463 2168 571 2192 amens,
595 2159 657 2185 ideo
676 2167 727 2185 nec
751 2160 794 2185 sat
812 2159 934 2185 rationis.
962 2159 989 2184 P
1010 2160 1019 2192 ΙΙ
1042 2167 1114 2184 Arum
1132 2150 1217 2184 Ausus
1238 2168 1314 2184 mmo
1338 2166 1432 2184 amous

161 2197 209 2230 qui
229 2197 252 2223 C
273 2198 300 2229 (A
318 2204 449 2229 superscr.
472 2196 514 2228 0²)
538 2205 622 2221 Annxs
641 2195 711 2221 bene
731 2203 825 2220 amens
844 2194 892 2228 qui
911 2194 954 2220 ΕΖ
976 2195 985 2227 u
1009 2193 1123 2220 somniis
1144 2194 1269 2219 CMEl:
1293 2202 1388 2220 somno
1408 2194 1432 2218 L

162 2241 271 2258 somnos
286 2232 318 2258 H
329 2233 338 2265 ΙΙ
353 2231 471 2257 credidit
482 2231 517 2256 M
531 2230 686 2257 crediderat
699 2230 729 2255 E
741 2231 750 2263 ΙΙ
767 2233 796 2256 17
810 2230 923 2256 interim
937 2230 1040 2255 seclusi.
1064 2230 1126 2262 fort.
1143 2229 1191 2255 sed
1205 2229 1316 2255 interim
1332 2230 1340 2262 ΙΙ
1356 2232 1388 2254 18
1404 2228 1431 2253 111

162 2268 237 2294 tecto
252 2268 351 2301 scripsi
356 2278 364 2293 :
378 2267 483 2293 intecto
495 2266 523 2297 0,
538 2275 701 2299 quamquam
716 2266 839 2291 dubitari
849 2268 937 2298 potest
947 2268 1065 2291 mco-ema
1075 2265 1165 2291 littera
1175 2267 1266 2290 atrum
1279 2273 1293 2290 o
1303 2266 1347 2295 sit,
1362 2272 1399 2289 an
1409 2272 1431 2288 e.

162 2303 268 2330 intente
288 2306 354 2329 enot.
373 2303 520 2336 Berylcz'us,
542 2301 659 2327 intentio
675 2301 829 2334 Scioppius.
855 2309 920 2326 nam
939 2309 1017 2327 mens
1036 2301 1132 2326 deerat
1150 2300 1183 2326 F.
1197 2300 1345 2325 Sclmelltus
1363 2299 1433 2324 nihil

163 2339 299 2365 secludens
312 2340 322 2373 11
336 2342 368 2365 23
385 2339 421 2364 ad
435 2347 457 2364 v.
474 2341 525 2363 315
541 2337 632 2371 Bello]
648 2337 683 2363 ad
697 2336 810 2363 bellum.
830 2337 856 2361 P
868 2337 878 2369 ΙΙ
892 2339 925 2362 ‘24
940 2345 1002 2362 cum
1017 2335 1144 2362 hostibus
1161 2336 1315 2361 Masrioias
1326 2335 1434 2367 primnis

1450 683 1481 706 10

1452 951 1484 972 15

1450 1216 1484 1239 ‘20
