1690 2611
509 115 622 143 COMM.
642 116 680 142 IN
700 115 807 143 VERG.
827 115 910 142 AEN.
930 116 976 143 IV.
997 118 1145 144 578—593.
1400 115 1462 146 567

189 198 274 239 <76>
308 209 388 230 cum
420 199 582 240 primum
615 198 792 229 crastina
826 197 932 228 eaelo
965 198 1141 238 puniceis
1179 198 1333 229 invecta
1365 198 1464 229 rotis

186 251 337 284 Aurora
361 252 528 284 rubebit.
575 254 607 283 et
631 251 711 282 bene
734 251 817 282 hanc
845 251 985 291 primum
1010 251 1133 282 inducit
1156 251 1274 282 vidisse
1299 262 1464 292 crepuscu-

187 305 267 346 lum,
295 316 376 347 quae
401 305 492 347 quasi
522 305 660 336 amatrix
693 307 764 336 tota
794 304 988 345 vigilaverat
1017 307 1119 336 nocte.
1170 305 1216 336 sic
1245 305 1279 336 in
1309 304 1464 336 bucolicis

187 358 287 399 <Vm
315 360 375 400 17>
400 359 438 390 de
463 360 605 390 amatore
628 369 786 389 nascere
810 369 978 399 praeque
1003 357 1101 388 diem
1122 359 1278 389 veniens
1304 369 1373 400 age
1393 358 1464 389 Lu—

187 412 283 443 cifer
308 413 456 444 almum.
524 420 618 443 novo
642 420 775 442 LvnnNE
796 414 852 442 aut
873 412 991 452 recenti,
1010 413 1066 442 aut
1084 412 1257 442 secundum
1276 411 1464 453 Epicureos,

189 465 244 506 qui
268 466 365 497 stulte
390 466 490 498 solem
515 465 553 496 de
577 465 694 497 atomis
719 465 831 496 dicunt
860 467 1006 496 constare
1035 466 1067 495 et
1095 476 1166 496 oum
1192 466 1241 496 die
1265 467 1368 507 nasci,
1392 477 1464 497 cum

188 519 239 550 die
262 519 376 560 perire.

274 573 347 605 585.
385 582 530 605 TITHONI
555 581 678 604 CVBILE
705 572 863 603 Tithonus
888 572 988 603 frater
1019 571 1247 603 Laomedontis
1277 572 1350 603 fuit:
1380 572 1463 603 hunc

189 629 314 658 Aurora
341 628 526 658 adamatum
556 626 589 657 in
618 626 741 657 caelum
770 626 904 665 levavit,
933 637 1026 666 quem
1056 625 1278 667 longinquitas
1313 625 1397 656 vitae
1431 626 1463 656 in

186 680 330 712 cicadam
356 680 529 712 convertit:
553 679 709 711 Horatius
730 679 849 721 longa
874 679 1083 710 Tithonum
1109 679 1251 710 minuit
1275 681 1462 710 senectus.

274 735 347 766 586.
390 746 525 766 spamus
546 744 623 774 quas
652 734 755 773 utique
787 733 820 764 *in
853 743 911 764 sua
939 734 1022 773 reyla
1055 732 1170 764 habuit.
1261 741 1462 764 ALBESCERE

185 796 301 819 LVCEM
323 787 497 828 hypallage
522 789 583 818 est:
606 787 677 818 luce
702 787 787 818 enim
813 786 982 817 albescunt
1007 786 1129 826 omnia,
1153 797 1216 817 non
1242 787 1294 817 lux
1319 786 1463 817 albescit.

275 842 348 873 587.
385 850 554 879 AEQVATIS
580 849 681 872 VELIS
706 840 845 871 feliciter
870 840 983 881 pleniS,
1008 839 1075 871 sine
1101 842 1190 870 motu
1215 840 1332 880 aliquo,
1355 843 1389 871 ut
1413 839 1463 880 <V

186 895 271 936 844>
294 898 472 935 aequatae
494 895 643 935 spirant
666 905 788 925 aurae.
834 896 862 924 et
883 893 938 925 hoc:
961 894 1003 924 ad
1025 893 1154 924 dolorem
1175 894 1307 933 pertinet
1335 894 1463 933 reyinae.

274 948 347 980 588.
390 961 495 980 moros
513 960 616 980 smslr
633 960 701 979 save
718 960 830 979 uranos
847 960 955 979 Pomm
981 949 1080 987 potest
1109 947 1367 987 hysteroproteron
1396 957 1464 982 esse,

188 1005 223 1034 ut
240 1003 332 1043 prius
354 1003 466 1033 sentire
487 1002 626 1033 debuerit.

273 1055 347 1088 589.
384 1068 491 1087 ηοω-ε
510 1068 651 1087 ΡΕκι-ιέεᾼ
672 1057 776 1095 peetus
794 1065 975 1094 percussum
998 1054 1118 1096 habe‘

276 1109 350 1141 590.
388 1118 454 1141 PRO
474 1117 636 1140 IVPPITER
656 1110 713 1139 aut
734 1108 901 1139 irascentis
922 1108 1114 1139 exclamatio
1135 1110 1192 1148 est,
1212 1110 1248 1138 ut
1267 1108 1300 1138 in
1315 1107 1463 1138 Terentio

186 1174 252 1204 pro
278 1173 453 1203 supreme
478 1161 668 1202 Iuppiter:
695 1164 749 1193 aut
774 1163 861 1193 certe
881 1163 1020 1193 testatur
1035 1161 1156 1202 Iovem,
1176 1172 1270 1202 quem
1289 1161 1323 1192 in
1338 1161 1464 1192 Aeneae

186 1216 349 1248 invocavit
368 1215 516 1256 adventu,
536 1217 572 1246 ut
592 1215 728 1255 (1731)
752 1214 931 1256 Iuppiter
955 1215 1179 1256 hospitibus
1204 1226 1288 1246 nam
1313 1217 1350 1245 te
1374 1214 1464 1245 dare

185 1270 269 1301 iura
292 1270 515 1311 loquuntur.

274 1324 346 1355 591.
384 1332 454 1354 1131T
480 1332 523 1354 ET
548 1331 731 1354 INLVSERIT
762 1322 815 1354 hoc
842 1325 886 1354 est
914 1322 992 1354 ‘ibit
1016 1324 1047 1353 et
1071 1321 1220 1363 inludet’,
1249 1324 1375 1363 tempus
1404 1333 1463 1363 pro

185 1379 340 1419 tempore:
365 1380 398 1408 et
421 1377 467 1408 sic
490 1376 571 1407 dixit
594 1379 630 1407 ut
655 1376 707 1417 <11
733 1377 796 1416 64>
821 1378 1050 1418 certantque
1075 1376 1249 1407 inludere
1274 1377 1396 1416 capto.

273 1431 346 1462 592.
384 1439 456 1462 NON
481 1438 576 1461 ARMA
601 1430 821 1461 EXPEDIENT?
846 1430 981 1461 furentis
1006 1429 1085 1461 haec
1110 1430 1209 1461 verba
1229 1431 1313 1469 sunt,
1337 1431 1372 1460 ut
1393 1429 1464 1470 ipsa

1486 686 1517 709 10

1486 954 1517 976 15

1483 1222 1518 1244 *20

185 1485 281 1525 paulo
306 1487 380 1526 post
404 1484 510 1524 <595>
536 1483 632 1525 ‘quae
657 1486 797 1515 mentem
822 1484 948 1515 insania
971 1483 1115 1515 mutat’?
1138 1495 1213 1515 nam
1238 1483 1315 1514 haec
1341 1496 1359 1514 a
1383 1495 1461 1514 sana
1481 1490 1513 1512 25

187 1549 251 1569 non
275 1537 461 1578 procedunt,
484 1539 520 1568 ut
544 1537 681 1578 imperet
705 1537 903 1577 absentibus,
926 1539 962 1568 ut
986 1536 1045 1568 ‘ite
1070 1537 1152 1569 ferte
1176 1536 1267 1576 tela',
1297 1548 1367 1567 cum
1393 1537 1463 1568 sola

186 1592 237 1623 sit.
322 1603 450 1626 TOTAQVE
468 1603 507 1622 Ex
531 1603 603 1622 rum:
625 1601 737 1631 magma
762 1591 914 1631 emphasis
936 1592 1016 1630 quod
1038 1592 1084 1622 alt
1107 1590 1210 1621 ‘tota’.

276 1645 348 1676 593.
386 1653 580 1676 NAVALIBVS
605 1644 642 1675 de
666 1644 846 1685 navalibus,
871 1644 925 1675 ubi
950 1647 1039 1675 stant
1062 1655 1170 1676 naves,

256 1754 271 1777 8
293 1751 428 1777 Tithonus
451 1773 456 1778 .
478 1771 483 1777 .
506 1771 510 1776 .
531 1750 680 1785 convertit]
701 1751 735 1777 cf.
755 1751 894 1785 mythogr.
915 1751 926 1776 I
947 1753 1005 1783 139,
1026 1750 1049 1775 II
1071 1751 1192 1784 1941110
1213 1749 1357 1784 Horatius]
1378 1758 1461 1776 carm.

185 1787 209 1812 II
226 1790 266 1818 16,
282 1789 315 1812 30
329 1787 338 1820 11
355 1789 386 1812 18
406 1788 453 1812 aut
472 1786 615 1813 irascentis
631 1787 797 1813 exclamatio
813 1787 865 1819 est]
886 1786 919 1812 cf.
935 1785 1057 1812 Mam-ob.
1074 1785 1130 1811 Sat.
1147 1785 1184 1811 IV
1200 1788 1224 1818 2,
1240 1789 1254 1811 2
1271 1787 1300 1812 et
1314 1785 1350 1811 Vl
1367 1789 1391 1817 6,
1409 1789 1439 1811 16
1455 1787 1463 1820 11

186 1822 213 1848 in
234 1822 377 1856 Terentio]
398 1822 441 1848 ad.
462 1822 486 1847 H
508 1825 530 1853 1,
551 1826 583 1848 4-2

260 1924 272 1945 1
292 1919 383 1953 prima
401 1920 426 1945 L
440 1921 449 1954 11
462 1920 610 1954 puneaceis
630 1919 660 1945 F
683 1919 825 1954 punicaeis
844 1919 876 1945 N
887 1921 895 1952 11
910 1922 924 1945 3
941 1918 1103 1953 uigilauerit
1117 1919 1142 1944 L
1156 1920 1165 1952 11
1179 1922 1194 1945 5
1211 1919 1247 1945 ad
1261 1928 1333 1946 novo
1349 1922 1372 1945 et
1387 1928 1461 1954 spar-

187 1955 273 1989 gebat
290 1963 365 1988 supr.
385 1964 451 1982 vers.
471 1955 575 1982 recenti
594 1958 618 1981 et
636 1955 774 1989 implebat
796 1955 819 1980 T
830 1957 838 1988 11
858 1958 873 1981 6
893 1955 1028 1981 atthomis
1048 1954 1077 1980 F
1103 1954 1224 1981 athomis
1244 1955 1269 1980 L
1297 1955 1387 1982 atonis
1406 1956 1439 1981 H
1454 1960 1455 1986 1

188 1994 203 2017 8
223 1991 329 2025 ονΒιιῐ-ῑ]
356 1992 398 2017 est
422 1999 517 2017 versus
543 1991 657 2017 Homeri
681 1991 708 2017 in
729 1991 814 2017 Iliade
834 1991 882 2024 (xl
905 1993 928 2022 1)
951 1988 1020 2020 Ἠώς
1039 1987 1066 2016 δ’
1089 1988 1120 2016 ἐκ
1139 1989 1242 2024 λεχέων
1262 1988 1330 2023 παρ’
1351 1988 1461 2024 ἀγαυοῦ

189 2028 330 2052 Τιθωνοῖο
352 2024 458 2059 ὤρνυτο
541 2028 662 2061 βροτοῖσι
683 2027 745 2052 add.
758 2026 787 2052 D
801 2027 810 2060 11
825 2029 839 2052 9
860 2026 977 2060 levavit]
998 2025 1093 2060 rapuit
1112 2026 1141 2051 F
1153 2027 1161 2059 11
1178 2029 1209 2052 10
1229 2026 1368 2061 senectus]
1389 2026 1462 2060 quod

187 2062 249 2088 ideo
274 2062 388 2095 fingitur
411 2061 478 2095 quia
497 2063 529 2088 ut
547 2063 589 2088 est
608 2062 680 2096 apud
701 2062 861 2088 Ciceronem
880 2063 923 2094 (de
941 2065 1034 2088 seneet.
1057 2065 1098 2091 16)
1126 2062 1185 2088 sola
1208 2070 1261 2088 uox
1284 2064 1411 2088 remanet
1435 2064 1463 2088 et

186 2099 228 2123 est
246 2099 346 2123 natura
365 2097 508 2130 loquacior
532 2098 595 2124 add.
614 2098 644 2123 D
664 2098 674 2131 11
700 2101 728 2123 11
750 2098 786 2123 ad
806 2097 926 2131 speculis
945 2105 1021 2130 supr.
1041 2105 1105 2123 vers.
1126 2106 1194 2130 quas
1215 2118 1220 2123 .
1242 2119 1247 2124 .
1269 2119 1273 2123 .
1294 2098 1393 2124 habuit
1415 2097 1439 2123 T
1455 2098 1463 2131 11

186 2133 267 2167 quas]
289 2133 368 2166 quasi
384 2133 413 2158 Γ
424 2135 433 2167 11
447 2133 520 2166 regit
534 2133 563 2159 F
575 2134 584 2166 11
600 2136 631 2159 13
652 2134 688 2160 ad
706 2133 833 2166 aequatis
853 2132 921 2158 velis
940 2141 1016 2166 supr.
1033 2141 1096 2159 vers.
1116 2132 1169 2159 hoc
1187 2133 1228 2159 ita
1247 2133 1352 2159 dictum
1372 2135 1415 2159 est
1432 2135 1463 2159 ut

185 2170 320 2202 aequatae
347 2190 351 2194 .
374 2191 378 2195 .
401 2191 405 2195 .
430 2168 543 2201 reginae
565 2169 590 2194 Τ
615 2170 624 2202 11
652 2169 694 2203 ut]
714 2170 763 2194 aut
783 2168 812 2194 F
837 2169 846 2201 11
875 2172 906 2193 15
926 2169 1027 2194 scholia
1047 2169 1083 2194 ad
1101 2177 1124 2194 υ.
1147 2171 1197 2195 588
1217 2171 1242 2194 et
1261 2172 1311 2195 589
1330 2169 1391 2195 hab.
1415 2168 1455 2202 T.

186 2203 424 2238 histeroproteron
447 2204 471 2229 T
491 2206 500 2237 11
529 2206 561 2230 18
581 2204 724 2238 Terentio]
747 2204 800 2230 .111.
821 2205 850 2236 (i.
870 2212 890 2230 e.
910 2203 1002 2236 tertio)
1024 2204 1060 2229 M
1079 2204 1088 2237 11
1118 2207 1149 2230 19
1169 2204 1263 2238 quem]
1284 2212 1336 2237 que
1356 2204 1385 2229 F
1402 2205 1411 2238 11
1434 2204 1461 2230 in

185 2247 234 2266 om.
256 2239 321 2265 ΓΗ
332 2241 341 2273 1Ι
362 2243 395 2265 20
415 2240 565 2266 aduentum
584 2240 609 2265 L
623 2240 633 2273 11
647 2239 816 2273 hospitibus]
836 2238 994 2273 auspicibus
1014 2239 1047 2265 H
1058 2240 1067 2273 11
1081 2243 1113 2265 21
1134 2239 1263 2266 locuntur
1281 2240 1340 2265 NL
1364 2239 1461 2273 loquu-

184 2277 230 2301 tur
250 2275 280 2301 H
299 2276 309 2309 11
332 2278 364 2301 22
384 2275 503 2309 inludet]
523 2275 653 2301 inluserit
674 2276 709 2301 M
729 2276 738 2309 11
761 2276 796 2301 24
816 2275 897 2309 haec]
917 2274 963 2300 hic
983 2275 1016 2300 H
1030 2275 1039 2308 11
1062 2278 1095 2301 25
1117 2284 1133 2301 a
1152 2283 1201 2301 om.
1222 2275 1318 2300 XLH
1335 2276 1344 2308 11
1367 2283 1433 2302 sane
1453 2276 1462 2301 l

185 2312 263 2342 (sana.
282 2311 317 2341 L)
331 2312 340 2344 11
355 2314 389 2337 26
410 2311 561 2345 procedent
579 2311 609 2336 F
621 2311 630 2344 11
643 2313 675 2337 ut
694 2314 755 2337 ante
774 2311 894 2344 imperet
912 2318 961 2337 om.
981 2311 1034 2344 Η11
1048 2313 1079 2337 ut
1096 2311 1134 2337 ite
1155 2319 1203 2336 0211.
1224 2310 1259 2342 F,
1279 2311 1318 2336 ite
1338 2319 1387 2337 om.
1404 2311 1440 2336 M
1454 2313 1461 2340 1,

186 2349 218 2372 27
239 2347 276 2372 αι]
294 2347 409 2381 totaque
429 2355 462 2373 ex
481 2347 548 2373 urbe
567 2355 641 2380 supr.
662 2355 726 2374 vers.
748 2355 850 2380 magna
869 2345 970 2372 enfasis
990 2347 1063 2380 quod
1083 2347 1151 2373 dicit
1171 2347 1232 2372 tota.
1254 2346 1297 2380 Τ11
1313 2346 1413 2373 enfasis
1434 2345 1464 2372 F
