1690 2611
468 100 580 128 COMM.
601 101 640 127 IN
658 101 764 129 VERG.
783 100 867 127 AEN.
888 101 934 128 Ill.
956 105 1102 130 159-170.
1360 103 1424 134 373

148 182 318 214 Dardanus
348 184 380 214 et
402 180 504 214 Iasius
532 183 649 214 fratres
673 182 802 213 fuerunt
825 182 911 214 Iovis
933 185 961 214 et
982 183 1132 215 Electrae
1161 184 1234 216 filii:
1264 184 1319 216 sed
1343 185 1424 216 Dar-

150 236 251 267 danus
281 236 318 267 de
343 236 433 275 Iove,
460 236 564 268 Iasius
593 236 631 267 de
655 235 798 277 Corytho
827 238 1013 277 procreatus
1043 240 1104 278 est,
1134 249 1152 269 a
1177 238 1266 269 euius
1294 238 1423 270 nomine

149 291 182 320 et
204 300 297 320 mons
323 291 354 321 et
375 290 527 331 oppidum
546 300 662 320 nomen
683 289 814 330 aceepit.
848 291 963 330 postea
982 289 1100 321 Iasium
1121 290 1237 322 dicitur
1252 291 1422 323 Dardanus

149 342 311 374 occidisse.
348 342 382 374 lii
406 345 506 374 tamen
526 343 640 382 fratres
663 353 731 374 curn
756 353 791 374 ea:
805 343 940 374 Etruria
957 344 1189 383 proposuissent
1206 345 1287 376 sedes
1305 347 1423 376 exteras

142 398 256 437 petere,
273 396 412 436 profecti.
444 399 473 427 et
489 395 662 427 Dardanus
680 396 801 436 quidem
826 398 981 427 eontracta
1003 397 1037 427 in
1055 396 1150 427 Troia
1173 397 1324 429 iuventute
1337 397 1422 429 Dar·
1441 405 1456 428 5

147 449 275 480 daniam
298 449 402 480 urbem
425 449 571 490 condidit,
594 459 614 480 a
633 460 694 489 qna
717 449 924 480 Troianorum
947 450 1031 490 ort'gso
1055 450 1152 481 erevit.
1190 450 1297 482 Iasius
1321 454 1422 482 antem

147 502 395 534 Samothraciam
418 502 494 542 cepit
520 504 549 533 et
574 502 617 533 ibi
645 503 773 533 liberum
801 502 899 533 locum
926 503 1053 542 imperio
1083 504 1186 534 tenuit.
1232 503 1291 535 alii
1318 504 1423 535 dieunt

147 559 308 597 utrumque
331 566 367 588 ex
390 554 534 597 Corytho,
557 555 641 587 Iovis
663 556 741 596 filio,
766 558 943 595 procreatos
965 559 993 587 et
1014 557 1093 588 sieut
1114 557 1229 588 dietum
1252 559 1294 588 est
1316 557 1421 588 relicta

147 609 246 641 Italia
263 610 422 650 profectos.
450 609 502 640 sed
516 608 639 640 Iasium
653 608 901 640 Samothraciam
919 609 1047 650 inzperio
1068 610 1209 651 tenuisse,
1233 609 1421 641 Dardanum

146 673 214 694 vero
237 664 273 694 in
295 662 467 703 Plcryyiam
488 662 660 702 pervenisse
687 663 787 702 ibique
814 663 933 694 auxilio
960 663 1057 702 fuisse
1082 663 1208 702 Teucro,
1237 663 1424 695 Scamandri
1445 671 1477 694 10

145 716 225 756 filio,
248 717 302 756 qui
325 719 389 747 tum
410 716 563 756 finitimas
583 718 684 756 yentes
703 715 777 747 bello
796 715 962 757 snbiyebat,
985 716 1144 756 filiamque
1163 717 1227 747 eius
1245 717 1367 748 (luxisse
1389 717 1424 748 in

145 770 391 810 matrimonium,
414 771 442 800 et
455 771 524 809 post
540 771 665 800 mortem
683 769 777 801 soceri
794 779 921 810 reynnm
940 770 1083 810 adeptum
1097 768 1299 801 Dardaniam
1316 770 1423 801 Troia-

145 833 220 854 nam
243 823 394 863 reyionem
417 822 455 854 ab
477 832 531 854 suo
555 823 677 853 nomine
700 823 877 864 appellasse.
919 822 1030 854 Graeci
1050 826 1078 854 et
1096 823 1195 855 Varro
1213 823 1423 855 humanarum

145 886 248 907 rerum
271 875 460 907 Dardanum
483 885 545 906 non
569 886 606 907 ex
628 875 740 913 Italia,
764 877 816 907 sed
838 876 873 907 de
891 876 1043 917 Arcadia,
1067 876 1139 908 urbe
1162 876 1296 918 Pheneo,
1320 877 1423 908 oriun-

144 930 218 961 dum
240 929 361 967 clieunt,·
385 929 443 960 alii
467 928 636 960 Cretensem
644 939 654 966 ,·
679 929 736 960 alii
760 929 841 960 eirca
867 929 994 960 Troiam
1017 932 1045 960 et
1068 929 1160 960 Idam
1185 932 1302 961 natam.
1348 940 1422 962 sane
1443 936 1474 959 15

136 993 195 1023 per
212 983 317 1023 patris
341 982 574 1023 appellationem
597 983 805 1022 eogsnationem
828 981 1019 1024 (siynifteat).

234 1036 305 1067 168.
342 1044 364 1066 A
384 1043 454 1073 Qvo
476 1044 636 1067 PRINCIPE
661 1044 824 1067 NOSTRVM
849 1047 868 1066 a
887 1035 1052 1076 Dardano,
1076 1047 1141 1067 non
1162 1036 1202 1067 ab
1222 1036 1321 1077 Iasio,
1346 1048 1420 1068 nam

143 1088 298 1120 anteriori
322 1088 497 1129 respondit.
535 1089 619 1130 quod
642 1091 749 1120 autem
770 1089 847 1120 dicit
872 1088 902 1120 ‘a
918 1100 979 1130 quo
995 1089 1139 1130 principe
1156 1099 1257 1130 genus
1273 1092 1420 1122 nostrum

144 1141 209 1173 est'
237 1143 346 1182 potest
374 1143 406 1172 et
430 1142 626 1183 generaliter
649 1142 811 1183 intellegi,
839 1143 873 1173 id
895 1145 938 1173 est
964 1142 1048 1173 unde
1078 1142 1237 1183 originem
1267 1143 1420 1186 ducimus,

143 1197 178 1226 ut
202 1195 277 1226 deos
302 1197 434 1235 penates
460 1195 552 1236 quasi
577 1195 735 1226 Troianos
761 1195 948 1236 intellegere,
978 1197 1010 1226 et
1033 1195 1073 1226 ad
1102 1196 1201 1226 ritum
1225 1196 1353 1238 referri,
1382 1198 1420 1229 de
1441 1203 1473 1226 20

143 1259 205 1290 quo
234 1248 312 1279 dicit
335 1248 442 1280 Labeo
473 1249 506 1279 in
534 1248 628 1279 libris
658 1249 712 1289 qui
741 1249 946 1289 appellantur
979 1248 1017 1280 de
1048 1249 1109 1280 diis
1144 1249 1355 1281 animalibus:
1388 1251 1421 1282 in

143 1301 259 1343 quibus
288 1301 347 1342 ait,
380 1312 448 1333 esse
477 1301 633 1342 quaedam
659 1313 750 1333 saera
775 1302 890 1343 quibus
916 1302 1042 1333 animae
1066 1302 1227 1334 humanae
1251 1305 1419 1335 vertantur

141 1355 176 1386 in
199 1355 288 1395 deos,
313 1355 367 1396 qui
392 1355 598 1396 appellantur
622 1355 792 1396 animales,
817 1355 900 1396 quod
925 1355 963 1387 de
983 1356 1099 1387 animis
1124 1356 1213 1387 fiant,
1250 1356 1285 1387 hi
1310 1359 1418 1388 autem

143 1409 217 1439 sunt
240 1408 285 1439 dii
308 1409 441 1448 penates
467 1410 498 1439 et
522 1409 631 1440 viales.

233 1461 303 1492 169.
341 1473 454 1493 Laws
476 1462 510 1493 id
531 1464 575 1493 est
593 1463 706 1493 omissa
726 1462 854 1493 tristitia
871 1472 964 1501 qaam
983 1463 1018 1493 de
1033 1463 1126 1493 sociis
1147 1462 1273 1494 habebat
1286 1464 1419 1505 (massis,
1439 1469 1472 1493 25

141 1515 186 1546 vel
208 1515 282 1554 qaia
305 1514 333 1545 ei
355 1515 530 1555 desiynatus
558 1515 709 1546 evidenter
735 1515 839 1554 fuerat
866 1515 960 1555 loeus,
989 1515 1031 1545 ad
1056 1525 1145 1554 quem
1172 1516 1237 1547 sine
1265 1527 1365 1548 errore
1392 1520 1421 1548 et

136 1577 261 1607 peryere
283 1570 311 1598 et
326 1568 485 1607 pervenire
508 1568 629 1599 deberet.

234 1620 304 1652 170.
342 1630 438 1652 HAVD
454 1630 661 1653 DVBITANDA
676 1630 787 1652 REFER
808 1623 864 1652 aut
883 1621 958 1662 quia
978 1621 1205 1653 dubitaverant
1225 1633 1262 1654 ex
1283 1623 1418 1655 consilio

141 1673 316 1715 Anchisae,
349 1676 405 1706 aut
434 1686 473 1706 ne
502 1676 634 1716 propter
663 1675 824 1706 somnium
854 1685 920 1706 non
951 1675 1124 1706 crederent.
1221 1688 1304 1707 imm)
1329 1689 1354 1707 D*
1378 1678 1415 1716 Ro]

142 1726 234 1758 *ideo
257 1727 374 1768 dieunt,
396 1728 425 1759 si
445 1728 524 1767 forte
546 1738 609 1760 non
631 1729 760 1760 erederet
782 1728 862 1768 quod
878 1738 936 1768 per
960 1728 1113 1759 somnium
1131 1728 1247 1767 uidit»,ss
1271 1731 1326 1760 aut
1343 1730 1416 1769 quia
1437 1736 1470 1759 30

140 1791 203 1812 non
221 1780 321 1820 dubie,
344 1783 379 1812 ut
392 1781 516 1822 Apollo,
540 1784 731 1813 monuerunt.
807 1790 997 1813 CORYTHVM
1022 1781 1171 1823 designat
1194 1784 1319 1822 partem
1344 1794 1415 1823 pro-

214 1871 226 1893 1
243 1867 392 1894 Dardanus
413 1889 418 1894 .
440 1889 445 1894 .
466 1890 471 1895 .
492 1868 636 1903 occidisse]
658 1877 743 1896 exsor.
764 1869 902 1902 mythogr.
923 1869 933 1894 Ι
955 1872 1004 1894 135

214 1951 226 1973 1
248 1946 299 1973 filii
318 1947 362 1973 uel
382 1949 413 1973 ut
431 1948 544 1981 quidam
563 1949 663 1975 uolunt
682 1949 834 1975 dardanum
855 1949 888 1974 de
907 1948 969 1974 ioue
989 1949 1089 1975 iasium
1109 1949 1142 1974 de
1159 1949 1272 1982 corytho
1288 1958 1416 1983 procrea-

139 1985 199 2009 tum
220 1982 249 2008 F
265 1983 274 2015 11
293 1985 308 2008 2
333 1982 420 2009 corito
440 1984 496 2009 Lm
524 1984 631 2010 corinto
651 1985 684 2010 H
709 1984 783 2010 corio
805 1984 842 2010 M
869 1984 965 2010 chor-to
986 1984 1015 2009 Ε
1040 1984 1158 2017 (chorito
1178 1985 1203 2018 e)
1222 1986 1231 2017 ΙΙ
1251 1985 1278 2019 a]
1299 1985 1332 2011 de
1354 1985 1384 2011 F
1395 1987 1404 2019 Η

140 2022 155 2045 5
176 2018 328 2045 dar-<lanam
348 2018 384 2049 F,
408 2027 476 2046 eorr.
496 2019 599 2045 Daniel
622 2020 630 2052 ΙΙ
655 2023 669 2046 7
690 2019 782 2053 coepit
802 2019 831 2045 F
852 2020 861 2053 [l
886 2022 917 2045 10
941 2020 1051 2046 teucros
1071 2019 1101 2045 F
1122 2020 1131 2053 [Ι
1156 2023 1185 2045 11
1212 2020 1336 2046 finiamas
1357 2021 1387 2046 F
1408 2022 1416 2055 Η

139 2054 214 2080 bella
234 2054 264 2079 F
291 2054 300 2086 Ιὶ
329 2056 359 2079 13
380 2053 467 2080 Varro
486 2054 559 2081 Rern
585 2055 727 2081 humanar.
752 2055 913 2081 Dardanum
936 2063 991 2081 non
1015 2063 1047 2080 ex
1066 2055 1149 2081 ltalia
1173 2055 1221 2081 secl
1245 2064 1277 2081 ex
1296 2055 1416 2082 Arcadia

115 2094 119 2095 ⁷
139 2089 206 2116 urbe
225 2089 331 2115 Phineo
351 2089 497 2115 oriundum
516 2089 585 2116 dicit
599 2090 722 2117 Ambros.
738 2091 747 2124 ΙΙ
762 2093 794 2116 17
814 2099 830 2116 a
845 2090 975 2116 Dardano
994 2098 1051 2116 non
1070 2090 1205 2125 ablasio]
1226 2091 1278 2117 hoo
1299 2092 1341 2117 est
1360 2101 1415 2118 non

140 2125 175 2151 ab
193 2124 262 2151 iasio
282 2124 329 2150 sed
349 2133 365 2150 a
385 2125 507 2151 dardano
528 2125 557 2150 F
568 2126 577 2158 ΙΙ
598 2128 629 2151 18
649 2125 798 2159 respondet
818 2126 888 2151 ME
901 2127 909 2159 Η
931 2128 962 2152 19
982 2126 1075 2159 potest
1093 2126 1188 2152 tamen
1206 2127 1310 2153 Daniel
1324 2128 1333 2160 ΙΙ
1347 2127 1413 2153 diei-

140 2187 200 2204 mus
222 2177 252 2203 F
282 2166 405 2204 dgeimus
425 2178 457 2203 Η
477 2180 486 2211 ΙΙ
513 2181 546 2204 ‘21
571 2177 612 2204 dis
632 2178 666 2204 H
688 2179 697 2211 ΙΙ
725 2178 903 2212 animalibus]
929 2178 1030 2212 quibus
1050 2178 1127 2213 origo
1148 2179 1277 2206 animalis
1298 2181 1340 2206 est
1360 2179 1390 2205 F
1405 2180 1413 2213 ll

140 2216 174 2239 24
193 2213 301 2246 uinales
323 2214 358 2239 M
371 2214 380 2246 ΙΙ
399 2217 431 2239 26
452 2222 507 2247 qua
527 2213 553 2239 ei
571 2213 732 2247 designatur
753 2213 787 2246 F7
813 2222 880 2240 corr.
901 2214 1004 2240 Daniel
1018 2216 1026 2247 [Ι
1045 2223 1110 2241 sane
1131 2214 1161 2240 F
1172 2216 1181 2248 Η
1196 2218 1229 2241 28
1249 2225 1331 2241 neren
1350 2215 1412 2241 ideo

139 2248 235 2275 dicunt
254 2269 259 2274 .
282 2270 287 2276 .
308 2270 313 2276 .
334 2249 405 2275 uidit
423 2250 472 2275 aut
490 2249 556 2282 quia
575 2248 773 2275 dubitauerant
791 2257 813 2275 e.
834 2258 861 2282 q.
881 2258 901 2274 S.
922 2249 952 2274 F
968 2250 977 2283 ss
1000 2250 1044 2284 ex]
1065 2250 1099 2276 de
1117 2251 1197 2283 valeo
1216 2252 1224 2284 ΙΙ
1247 2254 1279 2276 31
1301 2259 1412 2276 monue-

139 2285 204 2310 runt
222 2284 333 2318 scripsi:
352 2285 498 2310 mouerunt
518 2284 548 2310 F
572 2286 709 2310 noverunt
728 2285 831 2311 Daniel
846 2285 954 2318 primas
978 2285 987 2319 ΙΙ
1012 2295 1132 2311 convrvn
1152 2285 1182 2311 F
1199 2295 1331 2311 eonrrnvn
1351 2286 1416 2311 LH

140 2329 253 2346 eorm-vm
273 2320 342 2346 ME
354 2320 364 2353 ΙΙ
378 2320 525 2353 designant
543 2320 646 2346 Daniel
661 2321 777 2353 primus.
807 2321 876 2347 idem
896 2319 1037 2347 civitatem
1057 2329 1091 2347 ne
1110 2322 1216 2347 erraret
1234 2322 1262 2347 et
1281 2321 1390 2347 addidit
