1690 2611
677 123 890 150 PRAEFATIO.
1352 122 1425 149 XLV

148 217 213 248 sor,
238 208 430 248 praesertim
455 217 526 238 cum
551 217 616 248 non
640 205 748 237 desint
772 205 857 247 apud
881 205 1041 236 Isidorum
1062 216 1196 246 quorum
1217 216 1288 236 cum
1310 204 1425 235 Danie-

148 260 227 291 linis
249 260 382 292 scholiis
408 259 652 291 similitudinem
676 258 745 299 ipse
770 258 837 288 sine
859 258 924 288 ulla
939 257 1141 289 dubitatione
1162 258 1201 289 ad
1221 258 1320 290 fontis
1342 268 1426 289 com-

147 313 335 349 munionem
359 324 483 345 revoco.
522 312 621 344 veluti
647 322 728 353 quae
748 311 788 342 ab
808 311 933 342 Isidoro
951 321 993 341 or.
1010 310 1087 341 XVI
1106 312 1160 352 18,
1178 312 1217 342 13
1234 315 1265 343 et
1281 311 1427 343 Danielis

148 366 322 398 scholiasta
346 367 385 398 ad
411 367 490 398 Aen.
514 366 543 397 X
568 366 632 397 526
658 365 695 396 de
719 365 824 396 tribus
850 365 977 405 argenti
1003 366 1034 395 et
1065 365 1133 395 auri
1166 367 1196 395 et
1228 366 1308 396 aeris
1333 376 1426 407 gene-

147 420 263 461 ribus,
279 432 322 451 or.
347 420 443 452 XVII
469 421 501 461 7,
531 420 550 450 2
577 421 608 450 et
637 419 707 450 buc.
731 418 812 449 VIII
839 419 878 449 12
905 419 936 449 et
960 417 1041 448 Aen.
1066 417 1078 448 l
1105 417 1169 448 394
1193 418 1230 448 de
1255 418 1359 459 lauro,
1384 430 1428 450 or.

149 473 226 504 XIX
251 474 284 514 5,
309 474 328 504 3
354 476 386 504 et
415 483 524 514 georg.
547 472 563 503 I
590 472 652 502 142
682 472 720 502 de
749 473 860 512 trago,
889 471 966 502 retis
997 481 1126 512 genere,
1156 482 1199 502 or.
1227 471 1303 501 XIX
1329 472 1383 512 30,
1408 473 1428 502 5

150 529 182 557 et
214 526 291 558 Aen.
315 526 347 558 II
373 527 436 558 683
469 528 501 557 et
528 525 558 556 X
582 525 646 556 270
679 524 717 555 de
749 525 838 565 apice
870 527 901 555 et
933 524 1057 565 galero,
1089 535 1134 554 or.
1158 523 1237 554 VIII
1261 524 1293 564 9,
1329 525 1367 555 13
1398 528 1429 555 et

149 580 228 611 Aen.
253 579 301 610 IH
327 580 390 611 359
416 580 453 610 de
479 579 576 610 variis
601 578 842 609 vaticinationis
868 577 1054 619 generibus,
1082 588 1126 608 or.
1150 577 1228 608 VIII
1255 578 1308 617 11,
1333 578 1375 608 52
1399 580 1430 608 et

152 634 230 665 Aen.
254 632 303 663 III
327 633 369 664 35
393 633 431 663 de
456 632 587 663 Gradivi
611 631 742 663 nominc
763 631 910 671 exposita
935 633 1023 671 sunt,
1048 642 1085 661 ex
1106 630 1216 661 codem
1237 630 1325 662 fonte
1350 631 1429 661 deri-

153 689 228 718 vata
252 697 322 718 esse
346 686 426 717 mihi
456 685 609 727 persuasi.
648 687 746 726 atque
776 695 840 715 uno
870 685 938 716 loco
968 684 1021 725 qui
1052 687 1101 715 est
1130 684 1171 714 ad
1202 684 1281 715 Aen.
1310 683 1341 714 II
1367 684 1430 715 683

154 739 345 771 scholiastes
371 738 561 770 Suetonium
589 738 747 778 laudavit3
776 737 814 769 de
843 740 937 779 trago
962 737 1088 769 Nonius
1119 749 1142 768 s.
1171 749 1199 768 v.
1219 737 1430 768 everriculum

153 805 183 834 p.
208 793 251 824 34
274 792 317 824 M.
343 792 536 824 conferatur.

242 846 358 877 Restat
380 849 418 877 ut
441 857 478 876 ea
502 845 656 886 plenioris
678 845 901 877 commentarii
923 844 1045 876 scholia
1070 855 1327 885 commemorem,
1352 855 1432 885 quae

155 901 211 931 aut
235 899 320 941 quod
343 899 460 930 Isidori
485 899 645 939 expositio
670 899 796 940 plenior
817 899 859 930 sit
884 901 940 929 aut
964 899 1035 929 aliis
1056 898 1094 930 de
1114 899 1235 939 causis,
1261 909 1339 939 quas
1360 908 1432 928 cum

155 953 249 984 facile
273 953 377 994 quivis
403 952 521 983 sentiat
541 952 699 992 explicare
719 953 853 993 longum
874 953 936 992 est,
961 963 998 982 ex
1022 951 1139 983 Isidori
1165 952 1247 983 libro
1273 951 1434 991 exscripta

157 1017 226 1037 esse
251 1006 429 1037 videantur.
467 1016 505 1036 ex
534 1016 570 1037 eo
601 1015 717 1046 genere
743 1008 819 1037 sunt
848 1005 930 1037 Dan.
960 1005 1059 1036 schol.
1089 1005 1127 1037 ad
1160 1005 1238 1036 Aen.
1268 1004 1347 1036 VIII
1371 1004 1436 1034 392

158 1062 190 1090 et
214 1070 259 1090 or.
283 1059 361 1090 XIII
387 1060 420 1100 8,
445 1060 464 1090 2
491 1057 543 1101 (cf.
567 1058 642 1090 Isid.
666 1059 703 1090 de
728 1070 788 1090 rer.
819 1060 886 1090 nat.
911 1058 980 1101 30);
1012 1059 1090 1090 Aen.
1120 1058 1150 1089 II
1177 1060 1216 1090 115
1247 1061 1278 1090 et
1302 1058 1347 1089 XI
1371 1058 1435 1089 32ss
1481 1085 1484 1089 ,

158 1115 190 1144 et
214 1124 259 1144 or.
283 1112 361 1144 XIV
386 1113 418 1154 8,
448 1113 504 1153 383
534 1112 613 1143 Aen.
638 1112 651 1142 I
680 1113 741 1143 119
772 1114 804 1143 et
833 1111 892 1142 XV
920 1113 952 1153 1,
978 1113 1032 1153 163
1060 1112 1138 1143 Aen.
1162 1112 1208 1143 IV
1238 1112 1301 1143 648
1331 1114 1363 1142 et
1392 1122 1437 1142 or.

158 1165 219 1197 XV
243 1167 277 1207 3,
301 1166 334 1206 93
357 1166 428 1197 buc.
452 1165 498 1197 IV
523 1166 543 1196 2
572 1168 604 1196 et
627 1165 706 1196 VIII
731 1165 773 1196 54
798 1167 829 1196 et
854 1176 898 1196 or.
923 1165 1016 1196 XVII
1044 1166 1075 1206 7,
1099 1166 1155 1207 493
1184 1165 1264 1197 Aen.
1284 1165 1345 1196 XII
1370 1165 1434 1195 413

159 1221 191 1250 et
215 1231 260 1251 or.
283 1219 378 1250 XVII
403 1220 457 1260 10,
481 1220 514 1261 33
540 1219 618 1250 Aen.
643 1219 657 1249 I
684 1220 745 1250 177
773 1221 803 1250 et
828 1218 938 1249 XVIII
959 1220 992 1259 ι’),
1018 1220 1050 1259 13
1075 1219 1155 1250 Aen.
1180 1219 1225 1249 IV
1252 1219 1313 1250 198
1340 1220 1371 1250 et
1391 1229 1435 1249 or.

160 1272 203 1303 IX
232 1273 265 1313 2,
292 1273 362 1304 125.
401 1275 541 1304 ceterum
566 1273 598 1303 in
622 1272 673 1303 his
699 1273 853 1303 similium
878 1273 1023 1304 locorum
1048 1272 1207 1303 indicibus
1229 1284 1266 1303 ea
1291 1271 1435 1303 Danielis

160 1326 280 1357 scholia
309 1337 389 1367 quae
419 1337 490 1357 cum
524 1326 638 1356 decimi
667 1326 829 1367 originum
860 1326 934 1356 libri
964 1326 1132 1367 particulis
1163 1325 1342 1356 consentire
1371 1324 1436 1355 vidi

161 1380 306 1411 consulto
332 1379 433 1411 omisi.
470 1391 546 1410 nam
571 1390 642 1410 cum
667 1379 727 1410 hoc
750 1380 833 1411 libro
865 1379 1033 1410 nominum
1064 1378 1266 1420 quorundam
1297 1377 1435 1419 origina-

160 1432 265 1464 tiones
290 1435 322 1464 et
346 1433 630 1473 interpretationes
655 1443 774 1473 eaeque
794 1443 948 1473 perquam
964 1433 1076 1463 breves
1093 1432 1332 1469 contineantur,
1353 1430 1436 1461 diffi-

162 1486 222 1517 cile
246 1486 332 1518 dictu
353 1488 415 1527 est,
443 1489 552 1517 utrum
582 1485 725 1517 Isidorus
756 1485 949 1517 scholiastae
979 1497 1019 1516 an
1049 1486 1100 1516 hic
1129 1485 1214 1516 illius
1245 1486 1356 1515 auctor
1387 1484 1437 1515 sit.

162 1542 298 1580 possunt
323 1541 430 1571 autem
454 1539 537 1570 inter
562 1550 594 1570 se
620 1539 800 1580 comparari
825 1550 869 1570 or.
893 1539 921 1569 X
947 1539 966 1570 3
992 1542 1024 1570 et
1049 1539 1137 1570 schol
1163 1538 1201 1569 ad
1224 1538 1300 1569 Aen.
1320 1537 1366 1568 IV
1388 1538 1438 1577 72,

166 1592 209 1624 VI
237 1593 315 1633 298,
344 1592 423 1623 VIII
453 1593 530 1633 5323
560 1603 603 1623 or.
628 1591 657 1622 X
684 1592 700 1622 7
731 1594 763 1622 et
788 1593 865 1623 Aen.
895 1592 926 1622 II
955 1592 1033 1633 4263
1058 1603 1103 1622 or.
1131 1591 1160 1621 X
1189 1590 1227 1621 91
1260 1593 1292 1621 et
1320 1590 1400 1621 Aen.
1424 1589 1438 1619 I

164 1646 220 1686 393
245 1657 289 1677 or.
314 1645 342 1676 X
369 1646 432 1676 105
456 1647 489 1676 et
514 1645 593 1676 Aen.
618 1644 698 1675 VIII
722 1645 800 1685 2303
827 1656 871 1676 or.
896 1645 925 1675 X
952 1645 1013 1675 127
1044 1647 1075 1675 et
1105 1644 1186 1675 Aen.
1215 1643 1260 1674 XI
1289 1644 1367 1684 5843
1397 1654 1441 1674 or.

164 1699 193 1729 X
219 1700 281 1731 138
311 1702 343 1730 et
372 1698 451 1730 Aen.
475 1698 523 1729 III
548 1698 624 1739 658,
653 1698 732 1729 VIII
757 1699 835 1738 2⁴34;
865 1710 909 1729 or.
934 1698 962 1728 X
989 1699 1048 1729 171
1077 1699 1108 1728 et
1136 1697 1216 1728 Aen.
1244 1696 1259 1727 I
1288 1697 1364 1738 520,
1394 1707 1440 1728 or.

164 1752 194 1783 X
220 1752 281 1783 198
307 1754 338 1783 et
362 1752 439 1783 Aen.
464 1751 510 1782 IX
536 1751 611 1792 7253
641 1762 686 1784 or.
710 1751 739 1782 X
764 1752 826 1782 247
858 1754 889 1782 et
920 1753 996 1783 Aen.
1021 1751 1051 1781 II
1077 1751 1154 1792 3743
1184 1762 1229 1782 or.
1257 1749 1285 1780 X
1315 1750 1378 1781 263
1408 1752 1440 1781 et

166 1806 235 1836 buc.
259 1805 288 1836 X
315 1806 369 1847 193
395 1816 438 1836 or.
463 1804 493 1835 X
517 1805 580 1836 279
607 1807 639 1836 et
663 1804 742 1836 Aen.
767 1804 795 1835 X
821 1805 895 1835 216.

254 1858 368 1899 Itaque
397 1858 482 1899 quod
513 1858 745 1899 compositione
774 1858 928 1898 plenioris
959 1857 1183 1889 commentarii
1211 1857 1442 1895 demonstrata,

167 1911 347 1942 Danielinis
364 1911 495 1942 scholiis
506 1911 697 1952 quibusdam
709 1911 846 1952 exempli
858 1923 954 1942 causa
965 1912 1004 1942 ad
1018 1922 1092 1942 suos
1114 1913 1259 1942 auctores
1275 1910 1444 1951 revocatis,

168 1965 302 1996 diversis
336 1963 438 1995 Servii
469 1966 501 1995 et
531 1964 669 1995 aliorum
699 1966 990 1996 commentatorum
1020 1964 1164 1996 consiliis
1198 1963 1442 2003 rationibusque

169 2017 337 2058 descriptis
362 2016 530 2048 ostendere
555 2019 689 2048 conatus
714 2029 799 2059 sum,
824 2029 861 2049 ea
885 2030 967 2059 quae
987 2018 1169 2059 pleniorum
1189 2017 1346 2048 librorum
1371 2027 1441 2057 pro-

168 2071 240 2112 pria
264 2072 372 2102 essent
394 2081 460 2101 non
476 2069 578 2100 Servii
603 2081 671 2101 esse
696 2071 750 2101 sed
771 2071 909 2102 aliorum
934 2072 1148 2112 interpretum
1168 2070 1218 2101 vel
1240 2070 1442 2110 scriptorum,

168 2124 200 2155 id
225 2123 423 2165 Vergilianis
449 2123 689 2154 commentariis
719 2125 751 2153 et
779 2123 942 2155 inferioris
972 2124 1091 2155 aetatis
1120 2124 1213 2155 libris
1242 2122 1444 2163 quibusdam,

171 2188 250 2218 quos
276 2176 331 2217 qui
356 2176 553 2216 scripserunt
581 2175 646 2206 illis
670 2176 720 2206 usi
749 2178 838 2216 sunt,
866 2176 950 2206 inter
975 2187 1007 2207 se
1037 2177 1232 2217 comparatis
1262 2175 1443 2206 stabilitum

171 2242 240 2262 esse
263 2229 421 2270 videmus,
445 2240 508 2270 qua
533 2228 662 2269 quidem
686 2229 927 2269 comparatione
956 2229 1051 2260 simul
1076 2229 1157 2260 illud
1186 2229 1356 2270 probatum
1387 2229 1444 2267 est,

174 2283 327 2315 Serviana
350 2284 546 2323 commenta,
576 2282 603 2313 si
631 2281 767 2313 leviores
797 2282 953 2322 quasdam
982 2293 1092 2314 eorum
1122 2282 1316 2313 mutationes
1346 2280 1444 2311 variis

172 2337 371 2378 temporibus
405 2337 509 2367 factas
543 2335 719 2375 exceperis,
752 2334 878 2376 integra
911 2338 1039 2366 servata
1072 2346 1150 2366 esse.
1186 2335 1218 2366 id
1253 2333 1338 2375 quod
1371 2333 1443 2364 aliis
