1690 2611
462 83 575 110 COMM.
595 84 634 110 IN
653 85 760 112 VERG.
780 86 864 113 AEN.
885 87 903 114 I.
925 90 1072 116 280——287.
1344 92 1406 123 105

128 167 240 196 auctor
270 164 408 196 Romani
439 166 580 206 generis:
612 178 649 198 ex
680 167 795 207 quibus
827 167 1017 210 Mummius,
1049 171 1103 211 qni
1133 171 1290 204 Achaiam
1319 173 1405 206 vicit.

215 227 351 249 ΡΤΗΙΑΜ
375 217 512 251 Achillis
541 220 689 260 patriam.
780 229 942 253 MYCENAS
974 221 1227 263 Agamemnonis
1256 227 1405 269 patriam,

98 291 99 295 =
127 273 163 302 ut
186 270 587 315 Agamemnoniasque
611 274 798 315 Mycenas.

214 325 288 357 286.
326 334 507 358 NASCETVR
531 327 570 358 ad
594 327 673 358 illud
696 328 870 369 respondet
894 329 995 361 ‘certe
1018 330 1094 361 hine
1113 331 1275 364 Romanos
1300 335 1403 366 olim’.

125 380 157 409 et
181 379 285 410 omnis
310 382 425 420 poetae
448 380 601 422 intentio,
625 383 661 412 ut
685 381 718 412 in
743 382 899 422 qualitate
922 383 1074 415 carminis
1095 385 1247 427 diximus,
1272 388 1310 418 ad
1336 389 1403 420 lau-

125 431 197 463 dem
220 433 324 464 tendit
349 433 502 474 Augusti,
527 434 610 465 sicut
633 436 664 465 et
687 434 720 465 in
749 435 831 466 sexti
861 436 1007 477 catalogo
1037 439 1070 468 et
1100 437 1134 468 in
1163 439 1258 480 clipei
1287 442 1402 474 deseri-

123 486 241 526 ptione.
288 486 367 518 haee
400 488 508 518 antem
536 487 622 518 Iovis
655 488 809 520 allocutio
843 490 960 530 partim
991 491 1118 522 obiecta
1142 495 1260 534 purgat
1284 496 1402 534 partim

124 538 245 580 aliquid
263 540 444 580 pollicetur.
517 550 679 572 PVLCHRA
699 542 811 573 allusit
830 545 965 584 propter
982 544 1152 577 Venerem.
1228 556 1401 581 TROIANVS

124 602 161 623 ac
190 593 217 623 si
246 592 377 634 diceret,
407 593 506 625 etiam
531 593 649 626 Caesar
678 595 836 627 Troianus
867 599 924 628 est.
1016 607 1149 630 CAESAR
1177 599 1230 631 hie
1257 603 1318 642 est,
1348 604 1401 643 qui

123 646 225 677 dictus
257 648 307 677 est
338 646 436 678 Gaius
468 647 571 678 Iulius
603 647 730 680 Caesar.
783 649 882 681 Gaius
911 662 1108 691 praenomen
1137 655 1199 693 est,
1229 653 1331 686 Iulius
1361 656 1400 687 ab

122 698 201 740 Iulo,
227 698 344 731 Caesar
368 700 419 731 vel
440 701 525 741 quod
549 712 641 733 caeso
666 703 779 734 matris
799 705 910 735 ventre
934 706 1030 735 natus
1055 708 1112 747 est,
1137 706 1187 737 vel
1212 708 1297 748 quod
1322 720 1399 741 avus

122 751 189 783 eius
213 753 247 783 in
269 753 381 784 Africa
409 765 505 785 manu
534 755 665 796 propria
694 756 811 787 occidit
839 757 1073 800 elephantem,⁴
1088 760 1142 800 qui
1167 771 1259 792 caesa
1282 762 1400 794 dieitur

121 805 234 846 lingua
257 805 447 838 Poenorum.
475 807 524 838 hie
546 818 620 840 sane
644 808 745 841 Gaius
763 810 868 842 Iulias
887 811 1001 843 Caesar
1024 816 1167 852 quattuor
1191 817 1218 845 eb
1239 817 1400 856 sewayim‘a

120 859 206 890 vietis
222 858 402 891 Galliarum
421 861 594 893 civitatibus
617 873 685 893 eum
709 874 728 893 a
751 866 860 895 senata
878 866 1003 905 petisset
1025 868 1217 899 consulatum
1240 872 1268 899 et
1292 871 1398 901 triam-

113 911 212 951 plmm
241 923 293 944 nee
320 914 511 954 impetrasset
537 917 715 948 adversante
744 917 798 949 Cn.
823 918 967 959 Pompeio
991 930 1101 961 mayne
1132 922 1254 962 eiusque
1281 924 1398 965 amicis,

117 966 171 1005 qai
198 965 340 998 Caesaris
362 968 553 1007 ffloeessibns
581 969 769 1011 invidebant,
803 971 912 1003 bellam
946 974 1032 1004 civile
1057 975 1151 1014 yessit
1178 977 1211 1006 in
1239 977 1398 1019 Farsalia,

116 1030 173 1058 (saco
203 1019 367 1059 Pompeius
397 1022 493 1052 victus
524 1022 735 1054 Alexandriae
766 1025 923 1057 occiditur.
970 1026 1085 1059 Caesar
1115 1028 1250 1061 Romam
1281 1042 1396 1071 compo-

116 1073 184 1104 sitis
214 1073 301 1105 rebus
335 1076 363 1105 et
392 1075 587 1106 Alexandria
622 1077 768 1108 debellata
799 1089 936 1111 rei-ersus
971 1081 1003 1111 in
1035 1083 1124 1113 euria
1154 1083 1345 1124 Pompeiana
1378 1097 1397 1116 a

116 1125 221 1157 Cassio
245 1129 274 1158 et
295 1126 398 1158 Bruto
421 1128 551 1168 aliisque
574 1129 773 1170 Pompeianis
796 1133 910 1164 oeeisus
934 1136 984 1165 est.
1020 1136 1107 1167 euius
1130 1136 1213 1168 lieres
1237 1138 1397 1178 Anynst-us

115 1189 183 1210 eum
207 1180 350 1212 intrasset
372 1181 476 1213 urbem
500 1184 592 1224 eoeyit
613 1195 634 1214 a
656 1187 765 1216 senata
790 1187 992 1226 interfectores
1012 1188 1154 1221 Caesaris
1171 1192 1351 1230 parricidas
1369 1196 1397 1224 et
1416 1204 1422 1212 ²

114 1232 209 1264 hostes
233 1234 380 1276 iudicari,
404 1246 529 1276 eamque
552 1237 587 1268 'in
609 1238 734 1269 deorum
753 1250 915 1272 numeram
935 1242 1044 1281 referri
1062 1245 1090 1273 et
1112 1243 1216 1275 clivum
1235 1246 1395 1285 appellari.

203 1287 276 1318 287.
314 1297 485 1320 nurmnvm
510 1299 662 1332 OCEANO,
693 1302 812 1324 FAMAM
843 1304 902 1332 QVI
927 1304 1106 1327 TERMINET
1131 1306 1249 1330 Asrms
1275 1301 1331 1330 aut
1356 1301 1394 1331 ad

113 1340 240 1372 laudem
266 1341 387 1373 dictum
418 1345 481 1384 est,
511 1346 566 1375 aut
595 1347 680 1377 certe
710 1347 886 1378 secimdum
915 1349 1095 1381 historiam.
1141 1362 1175 1382 re
1206 1363 1280 1384 vera
1309 1354 1392 1384 enim

113 1395 146 1424 et
169 1393 343 1426 Britannos
376 1397 430 1436 qui
461 1397 494 1428 in
526 1408 644 1430 oceano
675 1402 749 1430 sunt
781 1401 872 1442 vicit,
903 1404 936 1433 et
966 1405 1042 1443 post
1066 1406 1203 1435 mortem
1229 1406 1296 1436 eius
1321 1417 1393 1438 eum

112 1446 181 1477 ludi
205 1447 355 1479 funebres
380 1449 420 1480 ab
445 1450 594 1491 Augusto
619 1452 686 1483 eius
711 1453 863 1494 adoptivo
888 1455 955 1487 filio
977 1456 1139 1494 darentur,
1167 1459 1262 1490 stella
1287 1460 1392 1491 medio

112 1500 162 1530 die
182 1500 251 1531 visa
271 1502 333 1542 est,
354 1502 437 1534 unde
458 1505 507 1534 est
527 1515 609 1536 eece
630 1505 793 1538 Dionaei
813 1510 1009 1548 processit
1029 1509 1210 1543 Caesaris
1236 1515 1391 1545 astrum.

199 1563 221 1585 A
244 1564 366 1586 MAGNO
391 1556 475 1587 sieut
499 1557 698 1600 Alexander,
727 1560 811 1592 sicut
835 1561 1017 1603 Pompeius.
1065 1564 1178 1596 Graeci
1200 1567 1282 1597 enim
1305 1578 1392 1599 omne

110 1608 307 1648 mayniftemn
330 1619 491 1650 marsnam,
516 1614 549 1642 at
572 1616 669 1643 mater
692 1624 806 1654 nzagsna
829 1618 857 1646 et
879 1617 925 1647 dii
948 1619 1060 1658 mayni.

179 1716 194 1739 3
219 1713 520 1751 Agamemnoniasque]
546 1718 577 1745 A,
604 1718 641 1744 VI
665 1722 716 1746 838
741 1721 749 1753 ΙΙ
774 1723 803 1746 11
831 1721 932 1748 Caesar
955 1723 1000 1749 vel
1023 1724 1098 1757 quod
1122 1733 1143 1751 c.
1165 1734 1190 1758 q.
1212 1726 1244 1759 s.]
1270 1726 1304 1752 ef.
1330 1727 1388 1753 Ael.

111 1748 253 1781 Spar-tiam
272 1749 331 1776 Ael.
351 1749 415 1777 Ver.
435 1754 450 1777 2
471 1753 499 1778 et
518 1753 581 1780 Isid.
603 1763 640 1781 or.
661 1755 699 1781 IX
719 1760 742 1789 3,
766 1759 796 1782 12
817 1766 854 1790 sq.
877 1758 886 1791 Η
906 1762 939 1785 26
959 1759 1034 1793 ecce]
1056 1760 1116 1788 buc.
1138 1761 1175 1787 IX
1195 1765 1227 1787 47

182 1850 194 1872 1
216 1847 362 1874 Nummius
387 1849 410 1875 O
436 1851 585 1877 mummius
612 1855 672 1879 erat
691 1854 727 1880 M
749 1855 758 1888 ll
781 1858 796 1881 3
822 1857 852 1881 ut
875 1857 1166 1892 Agamemnoniasque
1190 1861 1333 1895 Mycenasl
1358 1864 1390 1888 ut

107 1882 166 1916 ipse
191 1883 357 1916 Mycenaeus
381 1893 544 1919 magnorum
572 1888 671 1915 ductor
695 1890 833 1916 Achiuum
860 1892 882 1918 C
902 1893 911 1926 ΙΙ
934 1896 950 1918 4
977 1894 1013 1920 ad
1038 1903 1060 1920 r.
1087 1898 1138 1921 286
1164 1895 1275 1931 Caesar]
1302 1897 1387 1924 Gaius

110 1918 195 1944 Iulius
215 1918 316 1945 Caesar
334 1919 382 1953 qui
401 1921 430 1946 111
449 1921 526 1948 curia
544 1923 715 1958 Pompeiana
739 1934 755 1952 a
775 1926 868 1954 Cassio
889 1928 985 1962 (casio)
1012 1931 1040 1956 et
1058 1931 1144 1957 Bruto
1170 1931 1288 1965 aliisque
1307 1933 1387 1959 I’om-

106 1953 213 1987 peianis
237 1955 343 1981 occisus
368 1957 411 1981 est
429 1956 534 1983 Romae
558 1958 704 1987 interfecto
730 1961 864 1996 Pompeio
888 1964 924 1990 ab
948 1972 981 1991 eo
1006 1966 1080 1999 apud
1103 1967 1310 1994 Alexandriam.
1337 1969 1364 1994 P
1379 1969 1387 1993 ’ἶ

612 2010 620 2023 l
954 2016 962 2028 1

107 2028 139 2051 10
160 2025 250 2052 dictus
273 2027 326 2061 est]
348 2027 449 2053 dicitur
475 2027 498 2054 C
517 2029 526 2062 [Ι
549 2038 631 2063 graus
650 2032 682 2057 K
698 2033 706 2065 Η
725 2033 798 2059 iulus
817 2034 844 2060 B
864 2035 873 2068 Η
891 2044 973 2068 graus
992 2037 1024 2062 K
1041 2038 1069 2063 et
1088 2037 1173 2064 Gaius
1194 2039 1217 2065 0
1233 2039 1241 2072 ΙΙ
1259 2048 1386 2075 ⁴pnomen

106 2061 138 2086 Κ
158 2061 167 2094 ΙΙ
192 2064 222 2087 11
250 2061 352 2088 Caesar
375 2063 419 2089 vel
517 2064 584 2091 ituri
608 2068 705 2100 optent
728 2070 768 2101 (p,
790 2072 840 2096 107
865 2071 913 2097 lin.
931 2072 956 2103 7)
980 2080 1030 2098 om.
1050 2073 1082 2099 K
1102 2075 1110 2107 ΙΙ
1136 2077 1167 2099 12
1192 2074 1335 2101 elifantem
1359 2077 1386 2102 B

105 2096 256 2123 elefantum
276 2098 308 2123 Η
324 2099 333 2131 ll
353 2107 415 2124 cesa
433 2099 460 2124 B
480 2101 572 2126 caesai
590 2102 797 2137 Bamberyensis
817 2108 840 2130 et
860 2105 1008 2134 Palatinus
1027 2108 1174 2141 §partiam
1194 2111 1209 2136 l.
1227 2111 1243 2136 l.
1258 2111 1267 2144 ΙΙ
1291 2114 1322 2137 13
1342 2111 1383 2137 Iu-

105 2131 148 2158 lus
169 2132 192 2158 O
212 2133 221 2166 ΙΙ
246 2136 277 2159 15
302 2133 353 2160 Gn.
375 2134 397 2160 C
418 2135 426 2167 ΙΙ
452 2138 483 2161 16
507 2138 699 2170 progressibus
719 2139 792 2166 Lien
815 2142 824 2174 ΙΙ
847 2144 880 2166 22
905 2143 941 2168 acl
965 2151 987 2169 υ,
1009 2146 1059 2170 287
1085 2145 1234 2179 Imperium
1260 2146 1383 2180 (Imperi-

105 2167 184 2201 tium)
204 2168 308 2195 famam
329 2169 420 2204 astris]
450 2170 526 2197 cuins
553 2172 636 2199 stella
661 2174 722 2200 uisa
745 2176 786 2201 est
813 2175 856 2202 die
881 2177 972 2204 medio
992 2179 1123 2213 (dionifi),
1151 2181 1223 2207 unde
1251 2184 1293 2208 est
1320 2191 1382 2208 eece

103 2202 221 2229 Dionaei
245 2205 379 2238 processit
403 2205 528 2232 Caesaris
553 2208 665 2235 astrum.
687 2209 714 2234 P
733 2211 741 2243 {l
764 2220 855 2237 Asrms
876 2213 953 2239 euius
977 2213 1052 2241 fama
1076 2225 1162 2250 usque
1187 2217 1222 2242 ad
1243 2217 1382 2244 Oceanum

103 2239 242 2271 pervenit3
262 2241 312 2266 aut
329 2241 365 2267 ad
383 2241 457 2267 Lien
480 2243 488 2275 Η
513 2246 544 2268 23
565 2245 639 2270 certe
659 2246 702 2270 est
720 2246 795 2272 ΒΟ*
818 2247 826 2280 ΙΙ
850 2251 883 2274 26
911 2248 972 2276 uisa
990 2251 1033 2276 est
1051 2260 1122 2285 quae
1142 2252 1170 2278 in
1189 2252 1276 2286 ipsius
1296 2253 1381 2279 hono-

104 2281 163 2299 rem
182 2275 346 2309 apparuisse
365 2276 503 2304 diceretur
522 2278 613 2305 BMZ.
643 2288 713 2313 quae
734 2302 739 2308 .
755 2302 761 2307 .
778 2303 783 2307 .
804 2282 941 2310 diceretur
955 2286 1066 2319 primus
1084 2289 1156 2320 quod
1174 2289 1258 2314 seiam
1274 2289 1380 2314 Masei-

104 2309 162 2335 eius
181 2310 311 2343 inseruit,
331 2312 513 2340 Burmannus
532 2316 631 2348 recepit
649 2316 728 2343 milla
746 2318 811 2344 nota
831 2319 944 2346 adiecta.

1425 665 1454 688 10

1423 934 1451 956 15
