1690 2611
181 695 212 719 10

181 1231 213 1253 *20

233 121 295 152 574
806 120 922 147 SERVII

233 205 340 245 [potest
363 205 403 244 et]
429 207 561 245 propter
582 204 659 236 illud
685 204 768 246 quod
792 205 826 236 in
849 204 1030 236 foederibus
1054 202 1196 234 similiter
1223 204 1353 235 cautum
1378 205 1440 242 est,
1467 205 1504 235 ut

233 257 364 289 Corsica
388 259 474 288 esset
498 257 602 289 media
625 258 710 289 inter
733 258 895 290 Romanos
921 260 952 289 et
977 256 1269 298 Carthaginienses.

321 311 393 342 629.
432 320 594 342 PVGNEN'r
625 319 760 349 IPSIQVE
793 319 950 343 NEPOTES
981 311 1092 352 potest
1122 311 1155 340 et
1188 309 1227 341 ad
1259 309 1353 341 civile
1386 310 1505 342 bellum

231 364 352 396 referri.

321 419 392 450 632.
426 428 599 450 BREVITER
629 419 834 450 festinatione
866 418 993 450 mortis:
1027 417 1123 448 simul
1156 417 1257 448 nectit
1285 428 1414 448 causam
1443 428 1508 448 mo-

232 484 338 504 rarum
363 474 395 504 et
419 473 481 514 ipsi
506 475 538 504 et
562 473 673 504 sorori.
768 486 879 505 arreum*
906 471 959 503 hoc
987 481 1149 512 cqqnomcn
1174 471 1316 510 familiae
1343 470 1509 502 Hanniba-

232 527 270 557 Iis
291 526 361 566 fuit

321 580 394 612 (333.
432 593 535 612 parma
561 594 685 616 timmet-,4
710 580 763 611 hoc
786 583 829 611 esf
854 580 962 620 Tyros,
991 589 1067 619 quae
1089 581 1160 610 ante
1181 579 1246 610 eius
1263 579 1371 618 patria
1393 577 1463 618 fnit

277 643 346 666 nvc
371 642 467 665 SISTE
492 635 554 666 huc
579 635 694 674 adduc,
722 636 758 665 ut
782 632 882 673 <VIII
913 634 975 673 85>
1005 635 1043 664 et
1072 643 1151 663 cum
1183 642 1298 674 grege
1327 631 1436 663 sistit
1464 631 1506 662 ad

233 699 345 720 aram.
393 688 467 719 hine
491 690 523 718 et
553 687 561 701 ‘

233 742 319 773 aliud
347 744 402 773 est.
448 752 505 773 nec
531 743 625 773 aliter
650 753 821 783 possumus
846 741 959 781 dicere,
984 751 1079 782 quain
1104 740 1174 771 ‘sta
1198 739 1276 777 hic’,
1301 738 1398 770 ‘siste
1422 737 1508 769 huc’.

233 795 319 826 fallit
339 798 447 827 autem
468 796 654 837 plerumque
679 795 767 826 verbi
789 794 977 834 similitudo,
997 794 1074 835 quia
1092 793 1227 825 dicimus
1247 792 1321 824 ‘sto'
1343 795 1375 823 et
1394 791 1509 832 ‘sisto',

233 860 303 880 cuin
329 849 454 880 diversa
479 849 669 891 significent.

321 902 394 933 635.
431 915 537 934 comi-s
556 915 703 934 mereator
722 915 742 934 r.
764 915 784 933 s.
805 916 827 934 1..
852 902 930 933 bona
953 903 996 932 est
1013 900 1169 932 industria
1187 899 1241 930 hoc
1260 899 1329 937 Ioco,
1349 899 1422 939 qnia
1442 909 1509 930 omn

232 966 348 987 moram
381 956 452 987 velit
482 956 563 996 fieri,
595 966 631 987 ea
665 956 811 996 loquitur,
844 958 878 986 nt
908 955 1055 994 festinare
1084 954 1231 985 videatur.
1329 960 1508 984 SPARGERE

233 1018 372 1040 LYMPHA
398 1009 615 1041 sacrificantes
641 1009 701 1040 diis
732 1009 842 1040 inferis
872 1008 1127 1050 aspergebantur
1151 1017 1245 1047 aqna,
1276 1008 1311 1038 ut
1334 1005 1401 1047 <VI
1422 1005 1509 1046 230>
1554 1002 1558 1006 ⁴

233 1073 421 1105 spargens
442 1074 526 1094 rore
545 1063 623 1094 levi
644 1065 679 1093 et
699 1074 800 1094 raino
821 1062 952 1093 felicis
973 1062 1113 1102 olivae3
1139 1061 1262 1101 superis
1283 1060 1509 1100 abluebantur,

232 1118 269 1147 ut
293 1116 345 1157 <II
372 1117 455 1157 719>
480 1117 597 1148 donec
622 1128 676 1148 me
700 1116 860 1147 flumine
885 1116 972 1147 vivo
998 1115 1173 1146 abluero:
1203 1114 1297 1145 modo
1326 1115 1433 1145 autem
1465 1113 1510 1144 in-

233 1170 312 1201 feris
337 1169 508 1211 sacrificat,
533 1173 568 1201 ut
594 1169 702 1201 ‘sacra
726 1169 793 1201 Iovi
821 1168 964 1211 Stygio’.

323 1224 395 1255 636.
434 1236 601 1255 Moivsrfflra
624 1224 669 1255 vel
691 1234 768 1264 quae
795 1224 863 1263 ipsa
892 1223 1073 1263 monstrari,
1101 1221 1145 1253 vel
1173 1231 1249 1261 qnae
1276 1221 1421 1252 sacerdos.

236 1285 383 1308 1’1ACVLA
407 1276 628 1318 purgationes:
654 1277 735 1308 alias
760 1276 938 1318 sacrilegia.

325 1331 396 1362 637.
436 1338 488 1362 SIC
513 1339 643 1361 VENIAT
662 1330 915 1370 quemat'lmoclum
933 1331 1128 1370 praeceptum
1147 1331 1204 1359 est:
1228 1339 1268 1360 ne
1288 1328 1511 1369 praemitteret

571 687 721 719 sistatur'
753 688 903 728 (licinum,
936 687 965 718 id
996 689 1046 718 est
1069 686 1258 718 adducatur:
1286 697 1361 717 nam
1390 684 1508 716 ‘stare'

235 1387 290 1416 aut
314 1384 526 1425 praecederet.
616 1392 704 1415 TEGE
730 1395 856 1421 corona,
880 1385 916 1414 ut
940 1385 971 1414 et
995 1383 1065 1424 ipsa
1088 1382 1240 1414 tardaret.

323 1439 396 1470 638.
434 1451 521 1469 sac-m
548 1436 700 1469 ‘sacrum’
725 1440 768 1469 est
790 1438 871 1477 quod
892 1437 935 1467 ad
956 1437 1025 1468 deos
1042 1437 1184 1476 pertinet,
1209 1433 1407 1476 ‘profanum'
1431 1435 1512 1474 quod

203 1499 211 1504 ”
235 1493 277 1523 ad
299 1492 442 1523 homines.
534 1500 607 1523 10V1
632 1500 757 1523 STYGIO
782 1491 842 1522 hoc
867 1492 915 1522 est
944 1490 1083 1521 Plutoni.
1130 1491 1163 1520 et
1192 1488 1355 1520 sciendum
1384 1486 1508 1519 Stoicos

236 1546 338 1577 dicere
365 1557 461 1576 unuin
486 1557 554 1576 esse
579 1545 681 1585 deum,
706 1545 755 1576 cui
781 1544 913 1576 nomina
941 1544 1108 1574 variantur
1136 1553 1195 1584 pro
1225 1542 1351 1574 actibus
1380 1543 1412 1573 et
1443 1541 1511 1572 offi-

238 1600 303 1631 viis.
331 1599 432 1634 ,unde
457 1599 553 1630 etiam
580 1598 716 1639 duplicis
742 1608 835 1628 sexus
859 1597 993 1628 numina
1022 1607 1091 1628 esse
1120 1595 1283 1634 dicuntur,
1312 1596 1349 1626 ut
1377 1605 1448 1626 cum
1478 1594 1510 1625 in

310 1700 340 1723 16
361 1690 547 1723 sacrificantes
569 1717 573 1722 .
595 1717 600 1722 .
623 1716 627 1721 .
649 1695 759 1729 Stygio]
781 1694 814 1720 ef.
834 1693 955 1720 Macrob.
977 1694 1034 1720 Sat.
1056 1693 1101 1726 111,
1122 1695 1146 1726 1,
1164 1693 1250 1726 71124
1270 1700 1376 1718 sacrum
1397 1713 1402 1719 .
1425 1712 1430 1717 .
1451 1710 1456 1716 .
1476 1690 1511 1717 ad

236 1733 374 1767 homines]
400 1732 432 1759 cf.
454 1731 574 1758 Macrob.
599 1730 654 1757 Sat.
675 1731 712 1756 111
733 1734 761 1764 3,
781 1732 795 1755 2
824 1730 833 1763 11
861 1733 893 1756 25
919 1730 948 1756 et
971 1729 1112 1756 sciendum
1133 1749 1138 1754 .
1160 1751 1164 1756 .
1185 1750 1191 1755 .
1212 1727 1302 1755 divisa.
1321 1726 1400 1761 facit]
1427 1734 1510 1753 exscr.

236 1769 374 1802 mytliogr.
396 1768 419 1793 ΙΙ
440 1768 468 1793 et
488 1767 523 1793 ΙΙΙ
544 1767 572 1793 in
591 1766 747 1801 prooemiis.

310 1861 319 1883 1
343 1858 434 1891 potest
454 1858 482 1882 et
501 1857 589 1882 omisit
610 1856 712 1882 Daniel
735 1856 743 1889 11
767 1855 894 1881 similiter
914 1854 1031 1880 Daniel:
1053 1853 1235 1886 similiterque
1255 1853 1284 1879 F
1304 1853 1314 1887 11
1337 1853 1449 1879 cautum
1469 1852 1510 1878 est

237 1892 309 1918 NL:
331 1894 440 1919 cautum
462 1893 522 1919 erat
536 1892 565 1917 1⁸
591 1893 632 1918 est
651 1893 763 1918 cautum
787 1891 814 1916 ΙΙ
842 1890 978 1916 sancitum
998 1891 1040 1916 est
1061 1891 1093 1919 M
1123 1889 1179 1915 εᾶῖᾗ
1199 1889 1243 1915 est
1261 1889 1293 1922 lss
1307 1891 1323 1914 3
1342 1897 1510 1918 narei-ason:

238 1928 267 1954 Jv'
279 1929 288 1962 11
303 1932 318 1953 (¹,
338 1929 374 1954 ad
394 1928 498 1954 Han-cen
518 1936 592 1961 supr.
615 1936 678 1954 vers.
699 1928 750 1953 hoc
771 1926 936 1960 cognomine
956 1925 1064 1952 familia
1082 1924 1241 1952 hannibalis
1262 1924 1316 1950 fuit
1337 1923 1382 1958 Τ11
1396 1923 1510 1950 anniba-

238 1964 271 1990 lis
289 1964 317 1989 F
329 1965 337 1997 11
352 1969 367 1989 ὅ
383 1965 419 1989 ml
439 1963 531 1997 patria
546 1963 662 1997 antiqua
676 1972 750 1996 supr.
768 1971 831 1988 vers.
852 1963 929 1996 tyrus
950 1961 997 1988 ubi
1017 1961 1075 1988 eius
1094 1961 1187 1995 patria
1205 1959 1259 1986 fuit
1277 1960 1361 1986 antea
1379 1959 1422 1993 Τ11
1437 1963 1451 1985 9
1467 1968 1510 1985 mc

237 2000 267 2026 H
280 2001 289 2033 11
304 2000 357 2026 huc
377 1999 478 2033 adduc]
499 1999 533 2025 ad
553 1999 643 2025 adhuc
666 1999 694 2024 1⁸
709 2000 718 2032 11
742 1998 843 2031 adduc]
863 1998 953 2024 adhuc
974 1998 1005 2023 ΙΙ
1021 1998 1030 2031 11
1054 1998 1082 2023 et
1101 1997 1175 2031 cum]
1196 2005 1258 2022 cum
1278 2004 1292 2021 e
1312 1995 1379 2021 NH
1404 2003 1466 2021 cum
1486 1995 1510 2020 L

236 2044 297 2062 cum
319 2037 346 2061 et
366 2036 400 2061 M
414 2036 423 2068 11
439 2035 517 2060 sistet
537 2035 566 2060 Ν
572 2035 596 2060 L
606 2035 632 2060 II
647 2035 655 2067 11
674 2038 702 2060 12
724 2034 803 2060 fallet
824 2033 852 2059 1‹'
864 2035 872 2067 11
888 2034 1034 2067 plerosque
1055 2032 1085 2059 F
1097 2035 1120 2059 et
1134 2032 1288 2066 Stephanus
1302 2032 1311 2065 11
1325 2032 1354 2057 ct
1373 2030 1441 2057 sisto
1459 2038 1509 2056 om.

236 2071 333 2097 NIAII
351 2073 436 2103 (supr.
458 2079 521 2096 vers.
543 2071 604 2096 adri.
626 2071 645 2103 l)
669 2071 678 2104 11
705 2073 734 2096 14
755 2079 853 2095 cuni—vs
874 2091 879 2096 .
901 2089 906 2095 .
927 2090 932 2095 .
954 2069 1080 2095 videatur
1100 2076 1156 2095 non
1174 2068 1259 2094 edidit
1278 2067 1380 2093 Daniel
1403 2067 1412 2100 11
1434 2073 1508 2099 supr.

236 2114 302 2133 vers.
323 2110 373 2133 636
395 2106 466 2132 bona
486 2107 527 2131 ost
548 2127 552 2131 .
574 2127 578 2132 .
601 2128 604 2132 .
627 2106 753 2131 uideatur
779 2106 800 2130 'l'
811 2107 819 2138 11
839 2106 880 2131 est
899 2113 948 2131 om.
969 2105 998 2130 1⁸
1011 2105 1020 2138 11
1039 2104 1092 2131 hoc
1111 2104 1172 2130 loco
1192 2102 1258 2137 quia
1276 2111 1324 2129 om.
1346 2102 1395 2136 1”11
1416 2104 1448 2128 16
1467 2100 1509 2127 dis

238 2142 298 2168 LII
311 2143 320 2176 11
337 2145 367 2168 17
385 2150 498 2175 sparges
515 2142 572 2167 A'L
584 2142 608 2166 ΙΙ
623 2143 631 2174 11
647 2146 679 2168 :20
699 2142 735 2167 ml
755 2142 908 2167 monstrata
926 2148 1000 2174 supr.
1016 2148 1082 2167 verS.
1103 2139 1148 2166 uel
1168 2147 1238 2172 quae
1321 2137 1447 2164 sacerdos
1464 2136 1489 2162 T
1501 2138 1510 2171 11

238 2181 267 2204 21
291 2177 462 2211 purgationis
482 2177 511 2203 N
529 2178 538 2209 11
559 2177 641 2212 alian]
667 2178 695 2203 ct
715 2177 770 2203 alia
792 2177 814 2202 ΙΙ
843 2177 870 2202 et
889 2176 959 2202 alias
978 2176 987 2202 l
1008 2176 1017 2209 11
1038 2174 1197 2209 sacrilegia]
1219 2173 1353 2201 sacrificia
1371 2173 1401 2199 F
1427 2171 1508 2199 sacri-

238 2213 312 2247 legia
336 2214 385 2240 aut
409 2212 544 2239 sacrificia
566 2213 665 2239 Immo!
682 2214 789 2245 primns
812 2214 820 2246 11
848 2216 881 2238 22
902 2212 938 2238 ad
958 2211 997 2238 sic
1016 2211 1110 2237 veniat
1127 2219 1201 2244 supr.
1221 2217 1286 2236 vers.
1306 2208 1334 2234 id
1354 2209 1396 2234 est
1415 2216 1509 2241 quem-

237 2249 386 2275 admodum
470 2248 647 2282 praecederet
666 2248 688 2273 'l'
699 2249 708 2282 11
723 2248 947 2282 praemitteretur
968 2247 998 2272 II
1022 2246 1260 2281 praetermitteret
1279 2244 1441 2270 Mai-xvicim.
1470 2252 1508 2270 ce-

237 2287 322 2310 trram
348 2294 380 2311 ue
406 2283 598 2318 praemitteret
622 2286 671 2310 aut
695 2283 873 2318 praecederet
891 2283 990 2309 scilicet
1012 2283 1019 2294 ‘
1024 2283 1140 2316 pecudes
1159 2284 1182 2308 et
1201 2282 1351 2307 monstrata
1368 2279 1509 2313 piacula’,

237 2321 266 2345 id
286 2323 335 2351 est,
361 2329 394 2346 ne
413 2320 497 2346 Anna
521 2322 584 2345 ante
602 2320 715 2347 reniret.
742 2328 822 2352 quam
845 2319 917 2345 Dido
936 2327 1033 2344 manus
1052 2318 1105 2344 sibi
1123 2317 1265 2344 intulisset.
1289 2316 1298 2349 ΙΙ
1322 2318 1356 2341 24
1375 2316 1412 2342 ad
1431 2323 1510 2342 sacra

238 2356 265 2381 in
282 2364 365 2390 marg).
382 2365 490 2384 sacrum
506 2355 578 2388 quod
597 2376 601 2381 .
615 2376 636 2381 ..
653 2355 778 2381 hominen
798 2355 820 2380 Τ
831 2356 839 2389 11
854 2358 887 2380 25
903 2354 1009 2381 omines
1025 2353 1054 2379 1‹'
1066 2355 1075 2387 11
1096 2356 1128 2379 27
1144 2351 1248 2387 duplici
1264 2351 1324 2378 FL
1344 2350 1473 2385 (duplicis
1489 2351 1509 2385 l)
