1690 2611
201 123 275 150 XCII
736 121 950 148 PRAEFATIO.

201 205 360 236 librorum
389 204 520 236 illorum
550 204 775 245 supplementa
804 203 992 244 plenissime
1022 202 1182 234 exhibuit:
1211 214 1230 234 a
1258 213 1308 234 me
1338 214 1376 234 ea
1404 213 1484 244 quae

203 259 241 290 ad
267 258 420 290 Aeneidis
445 258 548 289 libros
566 257 656 289 1—V
671 257 835 298 pertinent
860 256 899 287 ad
914 256 1131 288 Dresdensem
1152 256 1292 288 codicem
1315 256 1485 297 recognita

203 314 291 353 sunt,
315 311 388 343 inde
415 323 433 343 a
458 313 548 343 sexto
573 311 657 343 libro
682 310 865 341 Parisinum
887 310 987 348 7965,
1012 321 1107 351 quem
1132 320 1216 341 anno
1243 309 1325 342 1857
1351 309 1486 351 inspexi,

203 366 241 396 ad
266 377 336 397 eam
362 376 430 396 rem
455 365 623 397 adhibebo.
667 364 784 405 quibus
805 363 967 395 codicibus
992 374 1064 395 cum
1083 374 1148 394 non
1173 364 1283 395 omnia
1306 374 1386 405 quae
1409 362 1485 394 Itali

202 419 395 451 addiderunt
428 419 672 459 contineantur,
701 428 804 458 pauca
828 417 985 458 quaedam
1015 428 1052 448 ex
1086 416 1279 448 Fabriciano
1309 416 1484 458 exemplari

203 473 412 505 exscribenda
437 475 536 504 erant.
546 472 569 515 1)

289 526 378 559 Haec
407 529 516 558 autem
551 526 788 566 supplementa,
822 535 902 564 quae
937 535 955 555 a
982 523 1140 556 Masvicio
1170 524 1356 556 Burmanno
1383 523 1483 555 Lione

202 582 287 613 inter
310 581 381 622 ipsa
406 579 615 622 grammatici
640 579 739 610 verba
763 579 893 618 recepta
918 579 1005 619 sunt,
1030 589 1102 609 cum
1117 589 1183 610 non
1198 580 1347 619 putarem
1372 577 1483 609 eodem

202 646 264 677 quo
290 635 470 676 pleniorum
496 634 653 664 librorum
676 632 801 663 scholia
817 632 887 663 loco
904 631 1052 663 habenda
1068 643 1150 670 esse,
1174 632 1209 663 in
1233 632 1379 663 criticum
1399 642 1483 663 com-

203 689 397 720 mentarium
422 687 585 729 ablegavit
610 697 684 717 nam
711 697 783 717 cum
807 685 878 726 ipsa
902 695 1029 727 quoque
1059 697 1077 716 a
1103 684 1213 717 Servio
1244 686 1347 717 aliena
1376 683 1483 727 sint2),

202 745 271 774 tum
295 754 359 774 non
385 742 490 773 solum
514 742 647 782 propter
676 740 833 771 librorum
864 738 981 780 quibus
1013 739 1219 770 continentur
1251 742 1400 780 tempora
1429 738 1483 770 sed

201 797 299 828 etiam
311 798 443 837 propter
455 806 567 826 causas
579 794 613 825 in
628 794 772 834 ipsorum
788 793 913 824 ratione
929 793 1052 834 positas
1064 793 1217 834 pleraque
1229 793 1340 835 quinto
1357 793 1480 824 decimo

203 851 328 882 saeculo
345 850 494 881 videntur
509 848 688 889 composita
705 857 782 878 esse.
809 857 870 888 quo
891 846 924 877 in
941 856 1057 887 genere
1081 846 1164 877 illud
1179 846 1320 888 primum
1345 857 1481 878 comme-

203 915 292 935 moro
317 903 401 944 quod
422 903 454 934 in
469 902 626 934 Italorum
652 901 720 932 eius
746 900 862 932 aetatis
889 899 996 931 studia
1020 900 1159 931 maxime
1185 901 1345 942 convenit,
1369 899 1481 931 latinis

201 957 366 990 vocabulis
393 967 488 998 saepe
518 966 635 997 graeca
660 954 808 996 adposita
837 964 920 994 esse,
949 965 1052 994 neque
1076 953 1108 984 id
1137 964 1174 985 eo
1199 954 1334 985 consilio
1359 953 1482 985 factum

200 1012 316 1052 videri,
339 1013 376 1042 ut
401 1011 458 1042 illa
482 1010 558 1051 quid
583 1009 646 1040 sibi
672 1009 793 1040 vellent
816 1007 867 1038 his
889 1007 1086 1048 comparatis
1111 1008 1348 1049 ostenderetur,
1373 1007 1427 1038 sed
1447 1009 1483 1038 ut

200 1065 306 1107 graeci
333 1064 492 1096 sermonis
517 1063 652 1095 scientia
681 1062 792 1093 oblata
821 1060 989 1092 occasione
1019 1063 1267 1102 propagaretur.
1311 1062 1348 1092 cf.
1374 1061 1482 1092 adnot.

200 1120 268 1151 erit.
294 1119 333 1150 ad
356 1130 385 1159 p.
411 1118 461 1159 31,
487 1118 519 1159 63
545 1117 597 1158 32,
624 1117 637 1147 1
658 1118 690 1148 et
708 1116 761 1156 173
786 1115 837 1156 37,
862 1115 917 1156 27;
943 1115 994 1156 38,
1020 1115 1053 1156 23
1077 1115 1129 1156 46,
1146 1116 1200 1156 113
1227 1115 1344 1157 72,1-1.
1369 1115 1481 1146 eodem

200 1173 342 1215 pertinet
366 1172 451 1214 quod
480 1171 565 1203 haud
595 1170 706 1212 paucis
731 1169 869 1211 Vergilii
900 1168 1045 1200 versibus
1076 1167 1274 1200 Graecorum
1302 1170 1482 1210 poetarum,

201 1226 336 1258 Homeri
360 1227 393 1257 in
418 1226 545 1267 primis,
570 1224 693 1255 similes
719 1223 783 1254 loci
807 1223 922 1263 plene
947 1222 1102 1263 adscripti
1127 1224 1203 1253 sunt
1227 1221 1280 1264 (ef.
1305 1234 1335 1263 p.
1355 1222 1407 1262 50,
1428 1222 1481 1262 19;

201 1281 252 1322 58,
278 1281 333 1321 133
357 1281 407 1320 ⁴56,
432 1280 466 1320 23
493 1279 542 1319 77,
564 1279 618 1318 17;
645 1278 722 1318 112,
740 1277 794 1317 163
819 1275 964 1316 589,19;
989 1275 1062 1316 629,
1078 1275 1097 1306 3
1114 1276 1209 1318 sqq.):
1234 1275 1317 1317 quod
1342 1287 1361 1306 a
1380 1274 1482 1306 Servii

202 1334 435 1366 consuetudine
460 1332 630 1373 abhorret,
655 1331 709 1373 qui
734 1341 928 1372 quamquam
954 1329 993 1360 ad
1017 1329 1156 1371 Vergilii
1181 1331 1284 1361 artem
1309 1329 1482 1360 inlustran-

201 1388 274 1419 dam
299 1399 363 1420 non
388 1397 564 1428 numquam
594 1396 712 1427 graeca
741 1384 888 1425 exempla
917 1385 1162 1424 commemorat,
1191 1383 1289 1414 verba
1317 1383 1389 1423 ipsa
1416 1393 1482 1413 non

202 1442 283 1472 solet
316 1441 460 1482 proferre
490 1439 543 1482 (cf.
577 1451 606 1481 p.
639 1439 695 1478 10,
720 1439 753 1478 43
787 1438 841 1478 18,
867 1438 921 1477 183
947 1437 1003 1477 24,
1030 1437 1083 1477 183
1109 1437 1165 1477 47,
1192 1436 1245 1477 153
1270 1436 1326 1477 49,
1351 1437 1406 1477 273
1431 1437 1483 1477 52,

201 1495 257 1535 293
283 1495 338 1535 85,
363 1494 406 1537 3.)
444 1494 544 1525 etiam
568 1494 602 1525 in
626 1493 803 1524 latinorum
828 1490 1024 1531 scriptorum
1049 1490 1204 1531 exemplis
1229 1490 1397 1522 laudandis
1418 1490 1483 1521 alia

201 1551 250 1579 est
274 1548 391 1589 Servii,
425 1548 488 1579 alia
512 1548 669 1579 Italorum
694 1547 825 1578 illorum
861 1545 960 1576 ratio:
995 1544 1050 1576 ille
1084 1544 1183 1585 enim,
1216 1545 1253 1575 ut
1282 1554 1380 1584 supra
1408 1543 1482 1584 dixi,

202 1603 317 1643 quibus
343 1614 380 1633 ex
404 1602 497 1633 libris
523 1613 560 1633 ea
584 1601 775 1643 deprompta
796 1600 904 1630 essent
923 1598 1112 1639 plerumque
1131 1609 1197 1629 non
1221 1597 1386 1638 indicavit,
1404 1596 1481 1628 Itali

202 1656 233 1687 in
259 1668 296 1687 ea
320 1668 353 1687 re
379 1656 481 1687 multo
502 1654 724 1696 diligentiores
750 1653 890 1684 fuerunt.
932 1652 970 1683 cf.
996 1663 1024 1692 p.
1040 1652 1091 1693 53,
1111 1652 1153 1682 26
1177 1650 1346 1682 Sallustius
1368 1651 1403 1681 in
1426 1650 1481 1681 Iu-

197 1710 357 1751 {sm-thim
383 1722 412 1751 p.
438 1710 494 1750 81,
521 1709 561 1739 14
586 1707 741 1739 Horatius
765 1706 800 1736 in
824 1706 929 1746 epodo3
953 1716 982 1746 p.
1006 1705 1080 1746 109,
1109 1705 1148 1735 10
1174 1703 1301 1736 Ovidius
1323 1704 1358 1734 in
1375 1704 1480 1744 primo

200 1764 491 1804 mctamooplesosoeom
520 1774 548 1803 p.
573 1762 654 1801 420,
679 1761 721 1791 20
747 1759 851 1791 Cicero
876 1759 924 1790 lib.
949 1759 983 1789 de
1007 1758 1201 1790 divinatione.
1245 1756 1368 1789 accedit
1396 1756 1479 1797 quod

201 1817 277 1848 Itali
312 1829 327 1848 e
361 1817 452 1848 libris
483 1828 502 1847 a
526 1814 637 1847 Servio
670 1813 827 1855 neglectis
862 1812 1009 1853 exempla
1041 1811 1239 1853 petiverunt:
1273 1811 1327 1852 qui
1361 1821 1432 1842 cum
1464 1821 1480 1841 e
1522 1837 1530 1844 .

292 1961 316 1990 1)
338 1958 370 1985 cf,
388 1958 510 1984 Thomas
530 1957 599 1984 essai
625 1966 651 1990 p.
672 1959 705 1981 32
737 1954 800 1981 ‘Ces
821 1951 974 1985 additions,
1000 1960 1051 1986 par
1071 1952 1097 1978 le
1116 1952 1168 1978 fait
1188 1953 1277 1978 nic-me
1298 1952 1331 1978 de
1351 1951 1411 1978 leur
1430 1951 1481 1978 ori-

201 1998 265 2031 gine
285 1999 362 2023 n'ont
382 2007 429 2031 pas
451 1998 597 2024 d'etendue
621 1996 740 2026 auchie,
765 1994 793 2019 et
812 2001 840 2019 se
860 1993 990 2018 trouvent
1014 2002 1047 2018 en
1067 1992 1245 2026 proportions
1265 1991 1391 2025 inegales
1412 1991 1479 2017 dans

202 2038 241 2063 les
262 2038 436 2064 numum-its.
470 2038 521 2064 Les
545 2037 666 2064 editions
692 2035 740 2061 ont
764 2032 836 2059 snivi
857 2040 924 2058 ceux
945 2032 992 2065 qui
1012 2042 1045 2058 en
1066 2033 1245 2059 contenaient
1264 2032 1289 2058 le
1309 2031 1372 2066 plus
1391 2031 1480 2065 grand

201 2079 328 2110 nombrffl
358 2078 427 2104 mais
455 2087 522 2105 nous
549 2087 582 2104 ne
610 2077 649 2103 les
675 2083 761 2101 avons
789 2082 838 2107 pas
858 2073 962 2105 tontes,
991 2074 1019 2098 et
1034 2072 1064 2106 je
1083 2074 1182 2099 trouve
1202 2073 1238 2098 ici
1258 2072 1326 2097 dans
1347 2071 1372 2097 le
1394 2070 1478 2097 Paris.

203 2122 270 2145 7565
299 2120 325 2145 ct
353 2118 422 2144 dans
451 2119 474 2144 lc
502 2127 551 2144 ms.
580 2118 614 2144 de
642 2116 737 2142 Sainte
763 2113 919 2139 Gom—viimo
940 2114 1044 2145 (georg.
1066 2113 1076 2138 Ι
1097 2116 1148 2138 489
1169 2114 1197 2139 et
1216 2113 1253 2138 111
1275 2113 1337 2144 148)
1357 2112 1385 2137 et
1404 2111 1479 2136 aussi

202 2159 270 2185 dans
291 2159 316 2185 le
337 2159 421 2184 Paris.
446 2161 529 2185 1023?
551 2159 628 2191 (Aen.
649 2157 713 2183 VIll
733 2158 780 2188 28,
800 2158 846 2185 32,
867 2155 910 2185 44)
932 2153 980 2178 des
1000 2155 1080 2179 notes
1105 2154 1133 2178 et
1156 2152 1204 2179 des
1234 2151 1479 2185 rapprochements

202 2199 249 2233 qui
270 2208 303 2225 ne
325 2200 387 2225 sont
407 2208 455 2231 pas
477 2198 545 2224 dans
565 2198 605 2225 les
625 2196 766 2224 editions'.
859 2194 885 2226 2)
910 2193 1065 2218 cavendum
1085 2193 1128 2219 est
1146 2201 1180 2218 ne
1194 2192 1253 2219 eius
1273 2191 1381 2225 generis
1402 2190 1478 2216 addi-

203 2238 350 2271 tamentis,
371 2237 449 2264 vuius
470 2239 534 2264 sunt
553 2247 623 2271 quae
644 2237 678 2263 ad
700 2246 724 2271 p,
746 2240 773 2268 ἱ),
797 2238 843 2266 ‘22;
865 2237 910 2266 10,
931 2236 977 2265 24ς
1001 2236 1044 2265 13,
1065 2236 1094 2266 8;
1114 2236 1160 2264 24,
1182 2235 1227 2264 10;
1248 2235 1294 2263 26,
1315 2233 1344 2263 4;
1365 2233 1411 2263 39,
1431 2233 1478 2262 213

202 2283 244 2311 453,
265 2283 279 2305 3
300 2278 447 2312 adscripsi,
468 2278 583 2304 nimium
604 2277 756 2304 tribuatur:
776 2274 877 2308 quibus
898 2273 948 2299 etsi
969 2281 1023 2299 11011
1047 2280 1119 2307 nego
1140 2271 1274 2298 Sei-viana
1298 2270 1406 2296 scholia
1424 2279 1478 2296 non

202 2320 294 2353 inepte
321 2318 443 2353 suppleri
469 2327 617 2351 corumque
644 2317 816 2343 intellectum
844 2313 996 2340 faciliorem
1021 2312 1112 2344 reddi,
1136 2312 1229 2338 tamen
1255 2310 1364 2338 omissis
1388 2310 1427 2336 eis
1452 2311 1480 2336 et

202 2360 291 2386 oratio
312 2359 395 2393 plena
415 2359 458 2385 est
477 2360 505 2384 ct
525 2358 590 2391 quid
612 2357 733 2383 volucrit
752 2353 953 2390 grammaticus
973 2352 1153 2386 intellegitur.
