<?xml version="1.0" encoding="UTF-8"?>
<!DOCTYPE html PUBLIC "-//W3C//DTD XHTML 1.0 Transitional//EN"
    "http://www.w3.org/TR/xhtml1/DTD/xhtml1-transitional.dtd">
<html xmlns="http://www.w3.org/1999/xhtml" xml:lang="en" lang="en">
 <head>
  <title>
</title>
<meta http-equiv="Content-Type" content="text/html;charset=utf-8" />
  <meta name='ocr-system' content='tesseract 3.04.00' />
  <meta name='ocr-capabilities' content='ocr_page ocr_carea ocr_par ocr_line ocrx_word'/>
</head>
<body>
  <div class='ocr_page' id='page_1' title='image "./serviigrammatici01bons_0431.png"; bbox 0 0 1690 2611; ppageno 0'>
   <div class='ocr_carea' id='block_1_1' title="bbox 485 104 1435 135">
    <p class='ocr_par' dir='ltr' id='par_1_1' title="bbox 485 104 1435 135">
     <span class='ocr_line' id='line_1_1' title="bbox 485 104 1435 135; baseline -0.002 -3"><span class='ocrx_word' id='word_1_1' title='bbox 485 105 598 133; x_wconf 79' lang='lat' dir='ltr'>COMM</span> <span class='ocrx_word' id='word_1_2' title='bbox 618 106 657 132; x_wconf 91' lang='lat' dir='ltr'>IN</span> <span class='ocrx_word' id='word_1_3' title='bbox 676 105 783 132; x_wconf 81' lang='lat' dir='ltr'><strong>VERG.</strong></span> <span class='ocrx_word' id='word_1_4' title='bbox 804 104 886 131; x_wconf 87' lang='lat' dir='ltr'>AEN.</span> <span class='ocrx_word' id='word_1_5' title='bbox 906 105 938 130; x_wconf 90' lang='grc' dir='ltr'>ΙΙ.</span> <span class='ocrx_word' id='word_1_6' title='bbox 960 107 1107 132; x_wconf 83' lang='grc'>771-781.</span> <span class='ocrx_word' id='word_1_7' title='bbox 1371 104 1435 135; x_wconf 81' lang='grc'>329</span> 
     </span>
    </p>
   </div>
   <div class='ocr_carea' id='block_1_2' title="bbox 158 185 1437 1190">
    <p class='ocr_par' dir='ltr' id='par_1_2' title="bbox 159 185 1436 335">
     <span class='ocr_line' id='line_1_2' title="bbox 161 185 1435 228; baseline -0.002 -9"><span class='ocrx_word' id='word_1_8' title='bbox 161 187 344 228; x_wconf 75' lang='lat' dir='ltr'>‘eveniunt‚</span> <span class='ocrx_word' id='word_1_9' title='bbox 369 199 428 219; x_wconf 86' lang='lat' dir='ltr'>nec</span> <span class='ocrx_word' id='word_1_10' title='bbox 457 190 489 219; x_wconf 84' lang='lat' dir='ltr'>te</span> <span class='ocrx_word' id='word_1_11' title='bbox 513 188 588 219; x_wconf 89' lang='lat' dir='ltr'>hinc</span> <span class='ocrx_word' id='word_1_12' title='bbox 612 185 787 226; x_wconf 85' lang='lat' dir='ltr'>comitem&#39;,</span> <span class='ocrx_word' id='word_1_13' title='bbox 812 188 844 217; x_wconf 90' lang='lat' dir='ltr'>et</span> <span class='ocrx_word' id='word_1_14' title='bbox 867 187 976 227; x_wconf 84' lang='lat' dir='ltr'>potest</span> <span class='ocrx_word' id='word_1_15' title='bbox 1000 186 1108 217; x_wconf 88' lang='lat' dir='ltr'>scandi</span> <span class='ocrx_word' id='word_1_16' title='bbox 1136 197 1193 227; x_wconf 91' lang='lat' dir='ltr'>per</span> <span class='ocrx_word' id='word_1_17' title='bbox 1222 186 1435 227; x_wconf 86' lang='lat' dir='ltr'>synalipham.</span> 
     </span>
     <span class='ocr_line' id='line_1_3' title="bbox 160 239 1436 283; baseline -0.002 -11"><span class='ocrx_word' id='word_1_18' title='bbox 160 241 255 272; x_wconf 86' lang='lat' dir='ltr'>aliter</span> <span class='ocrx_word' id='word_1_19' title='bbox 279 252 338 272; x_wconf 86' lang='lat' dir='ltr'>nec</span> <span class='ocrx_word' id='word_1_20' title='bbox 362 241 548 283; x_wconf 88' lang='lat' dir='ltr'>ecthlipsin,</span> <span class='ocrx_word' id='word_1_21' title='bbox 572 252 630 272; x_wconf 89' lang='lat' dir='ltr'>nec</span> <span class='ocrx_word' id='word_1_22' title='bbox 654 241 794 281; x_wconf 87' lang='lat' dir='ltr'>hiatum,</span> <span class='ocrx_word' id='word_1_23' title='bbox 816 250 874 271; x_wconf 88' lang='lat' dir='ltr'>nec</span> <span class='ocrx_word' id='word_1_24' title='bbox 899 239 1109 280; x_wconf 82' lang='lat' dir='ltr'>synalipham</span> <span class='ocrx_word' id='word_1_25' title='bbox 1133 240 1257 280; x_wconf 86' lang='lat' dir='ltr'>recipit.</span> <span class='ocrx_word' id='word_1_26' title='bbox 1331 248 1436 271; x_wconf 81' lang='lat' dir='ltr'><strong>CREv-</strong></span> 
     </span>
     <span class='ocr_line' id='line_1_4' title="bbox 159 293 1178 335; baseline -0.001 -10"><span class='ocrx_word' id='word_1_27' title='bbox 159 303 227 326; x_wconf 87' lang='lat' dir='ltr'>SAM</span> <span class='ocrx_word' id='word_1_28' title='bbox 251 295 327 335; x_wconf 89' lang='lat' dir='ltr'>quia</span> <span class='ocrx_word' id='word_1_29' title='bbox 351 294 469 326; x_wconf 84' lang='lat' dir='ltr'>Latina</span> <span class='ocrx_word' id='word_1_30' title='bbox 493 294 664 326; x_wconf 85' lang='lat' dir='ltr'>declinatio</span> <span class='ocrx_word' id='word_1_31' title='bbox 689 296 750 334; x_wconf 84' lang='lat' dir='ltr'>est,</span> <span class='ocrx_word' id='word_1_32' title='bbox 775 293 835 325; x_wconf 88' lang='lat' dir='ltr'>erit</span> <span class='ocrx_word' id='word_1_33' title='bbox 859 293 994 325; x_wconf 84' lang='lat' dir='ltr'>Latinus</span> <span class='ocrx_word' id='word_1_34' title='bbox 1019 295 1178 324; x_wconf 81' lang='lat' dir='ltr'>accentus.</span> 
     </span>
    </p>

    <p class='ocr_par' dir='ltr' id='par_1_3' title="bbox 158 346 1435 603">
     <span class='ocr_line' id='line_1_5' title="bbox 249 346 1435 389; baseline -0.002 -10"><span class='ocrx_word' id='word_1_35' title='bbox 249 349 321 380; x_wconf 72' lang='lat'><strong>779.</strong></span> <span class='ocrx_word' id='word_1_36' title='bbox 359 358 420 380; x_wconf 82' lang='lat' dir='ltr'>FAS</span> <span class='ocrx_word' id='word_1_37' title='bbox 439 359 499 389; x_wconf 77' lang='lat' dir='ltr'>pro</span> <span class='ocrx_word' id='word_1_38' title='bbox 516 349 599 388; x_wconf 79' lang='lat' dir='ltr'>fato‚·</span> <span class='ocrx_word' id='word_1_39' title='bbox 624 348 699 389; x_wconf 85' lang='lat' dir='ltr'>quia</span> <span class='ocrx_word' id='word_1_40' title='bbox 719 347 865 388; x_wconf 87' lang='lat' dir='ltr'>sequitur</span> <span class='ocrx_word' id='word_1_41' title='bbox 885 346 1134 388; x_wconf 73' lang='lat' dir='ltr'>‘regnumque</span> <span class='ocrx_word' id='word_1_42' title='bbox 1159 349 1196 379; x_wconf 84' lang='lat' dir='ltr'>et</span> <span class='ocrx_word' id='word_1_43' title='bbox 1220 348 1328 388; x_wconf 82' lang='lat' dir='ltr'>regia</span> <span class='ocrx_word' id='word_1_44' title='bbox 1350 358 1435 378; x_wconf 89' lang='lat' dir='ltr'>con-</span> 
     </span>
     <span class='ocr_line' id='line_1_6' title="bbox 158 400 1435 442; baseline -0.001 -10"><span class='ocrx_word' id='word_1_45' title='bbox 158 401 249 432; x_wconf 85' lang='lat' dir='ltr'>iunx</span> <span class='ocrx_word' id='word_1_46' title='bbox 274 404 386 442; x_wconf 84' lang='lat' dir='ltr'>parta</span> <span class='ocrx_word' id='word_1_47' title='bbox 408 401 509 434; x_wconf 88' lang='lat' dir='ltr'>tibi&#39;.</span> <span class='ocrx_word' id='word_1_48' title='bbox 584 414 653 433; x_wconf 78' lang='lat' dir='ltr'><em>ILLE</em></span> <span class='ocrx_word' id='word_1_49' title='bbox 674 401 864 441; x_wconf 74' lang='lat' dir='ltr'>superfluum</span> <span class='ocrx_word' id='word_1_50' title='bbox 886 400 940 432; x_wconf 76' lang='lat' dir='ltr'>hoe</span> <span class='ocrx_word' id='word_1_51' title='bbox 965 401 1025 432; x_wconf 76' lang='lat' dir='ltr'>loeo</span> <span class='ocrx_word' id='word_1_52' title='bbox 1044 411 1223 440; x_wconf 74' lang='lat' dir='ltr'><em>pronomen.</em></span> <span class='ocrx_word' id='word_1_53' title='bbox 1305 409 1435 432; x_wconf 76' lang='lat' dir='ltr'>OLYMPI</span> 
     </span>
     <span class='ocr_line' id='line_1_7' title="bbox 159 453 1435 496; baseline 0 -11"><span class='ocrx_word' id='word_1_54' title='bbox 159 466 214 486; x_wconf 83' lang='lat' dir='ltr'>cur</span> <span class='ocrx_word' id='word_1_55' title='bbox 237 455 270 486; x_wconf 87' lang='lat' dir='ltr'>in</span> <span class='ocrx_word' id='word_1_56' title='bbox 294 456 496 496; x_wconf 73' lang='lat' dir='ltr'>paenultima</span> <span class='ocrx_word' id='word_1_57' title='bbox 524 458 675 487; x_wconf 83' lang='lat' dir='ltr'>accentus</span> <span class='ocrx_word' id='word_1_58' title='bbox 705 454 761 495; x_wconf 91' lang='lat' dir='ltr'>sit,</span> <span class='ocrx_word' id='word_1_59' title='bbox 789 454 964 485; x_wconf 81' lang='lat' dir='ltr'>manifesta</span> <span class='ocrx_word' id='word_1_60' title='bbox 991 455 1040 485; x_wconf 86' lang='lat' dir='ltr'>est</span> <span class='ocrx_word' id='word_1_61' title='bbox 1068 454 1152 484; x_wconf 86' lang='lat' dir='ltr'>ratio</span> <span class='ocrx_word' id='word_1_62' title='bbox 1182 454 1266 494; x_wconf 86' lang='lat' dir='ltr'>apud</span> <span class='ocrx_word' id='word_1_63' title='bbox 1289 453 1435 485; x_wconf 88' lang='lat' dir='ltr'>Latinos:</span> 
     </span>
     <span class='ocr_line' id='line_1_8' title="bbox 159 507 1435 549; baseline 0 -11"><span class='ocrx_word' id='word_1_64' title='bbox 159 518 354 549; x_wconf 85' lang='lat' dir='ltr'>quamquam</span> <span class='ocrx_word' id='word_1_65' title='bbox 379 509 492 540; x_wconf 85' lang='lat' dir='ltr'>Graeci</span> <span class='ocrx_word' id='word_1_66' title='bbox 517 509 743 540; x_wconf 81' lang='lat' dir='ltr'>discretionem</span> <span class='ocrx_word' id='word_1_67' title='bbox 771 507 873 539; x_wconf 86' lang='lat' dir='ltr'>velint</span> <span class='ocrx_word' id='word_1_68' title='bbox 900 518 957 548; x_wconf 89' lang='lat' dir='ltr'>per</span> <span class='ocrx_word' id='word_1_69' title='bbox 986 509 1152 538; x_wconf 82' lang='lat' dir='ltr'>accentum</span> <span class='ocrx_word' id='word_1_70' title='bbox 1181 507 1286 539; x_wconf 85' lang='lat' dir='ltr'>facere</span> <span class='ocrx_word' id='word_1_71' title='bbox 1315 508 1435 539; x_wconf 83' lang='lat' dir='ltr'>montis</span> 
     </span>
     <span class='ocr_line' id='line_1_9' title="bbox 159 561 719 603; baseline 0 -11"><span class='ocrx_word' id='word_1_72' title='bbox 159 563 192 592; x_wconf 81' lang='lat' dir='ltr'>et</span> <span class='ocrx_word' id='word_1_73' title='bbox 216 561 310 601; x_wconf 85' lang='lat' dir='ltr'>caeli,</span> <span class='ocrx_word' id='word_1_74' title='bbox 334 562 418 603; x_wconf 89' lang='lat' dir='ltr'>quod</span> <span class='ocrx_word' id='word_1_75' title='bbox 442 562 637 603; x_wconf 88' lang='lat' dir='ltr'>superfluum</span> <span class='ocrx_word' id='word_1_76' title='bbox 663 563 719 592; x_wconf 85' lang='lat' dir='ltr'>est.</span> 
     </span>
    </p>

    <p class='ocr_par' dir='ltr' id='par_1_4' title="bbox 158 614 1437 868">
     <span class='ocr_line' id='line_1_10' title="bbox 250 614 1436 656; baseline -0.001 -10"><span class='ocrx_word' id='word_1_77' title='bbox 250 615 321 646; x_wconf 76' lang='lat'><strong>780.</strong></span> <span class='ocrx_word' id='word_1_78' title='bbox 359 628 451 647; x_wconf 61' lang='lat' dir='ltr'>wiva-A</span> <span class='ocrx_word' id='word_1_79' title='bbox 468 628 529 647; x_wconf 66' lang='lat' dir='ltr'>mn</span> <span class='ocrx_word' id='word_1_80' title='bbox 540 628 640 646; x_wconf 62' lang='lat' dir='ltr'>amm</span> <span class='ocrx_word' id='word_1_81' title='bbox 656 615 899 646; x_wconf 73' lang='lat' dir='ltr'>subamliemlum</span> <span class='ocrx_word' id='word_1_82' title='bbox 916 614 1094 646; x_wconf 56' lang='grc' dir='ltr'>εοὒθῖιηᾱαῆ</span> <span class='ocrx_word' id='word_1_83' title='bbox 1173 623 1345 646; x_wconf 84' lang='lat' dir='ltr'>ARANDVM</span> <span class='ocrx_word' id='word_1_84' title='bbox 1361 615 1436 656; x_wconf 85' lang='lat' dir='ltr'>quia</span> 
     </span>
     <span class='ocr_line' id='line_1_11' title="bbox 159 667 1435 709; baseline 0 -11"><span class='ocrx_word' id='word_1_85' title='bbox 159 667 298 709; x_wconf 80' lang='lat' dir='ltr'>legimus</span> <span class='ocrx_word' id='word_1_86' title='bbox 329 668 380 708; x_wconf 86' lang='lat' dir='ltr'>&lt;V</span> <span class='ocrx_word' id='word_1_87' title='bbox 411 669 493 708; x_wconf 78' lang='lat'>199&gt;</span> <span class='ocrx_word' id='word_1_88' title='bbox 531 668 855 709; x_wconf 74' lang='lat' dir='ltr'>subtrahiturque</span> <span class='ocrx_word' id='word_1_89' title='bbox 895 668 1031 709; x_wconf 84' lang='lat' dir='ltr'>solum,</span> <span class='ocrx_word' id='word_1_90' title='bbox 1063 679 1128 699; x_wconf 91' lang='grc'>11011</span> <span class='ocrx_word' id='word_1_91' title='bbox 1166 668 1316 699; x_wconf 85' lang='lat' dir='ltr'>inmerito</span> <span class='ocrx_word' id='word_1_92' title='bbox 1356 668 1435 699; x_wconf 83' lang='lat' dir='ltr'>dixit</span> 
     </span>
     <span class='ocr_line' id='line_1_12' title="bbox 158 721 1437 763; baseline 0.001 -12"><span class='ocrx_word' id='word_1_93' title='bbox 158 732 241 752; x_wconf 87' lang='lat' dir='ltr'>nunc</span> <span class='ocrx_word' id='word_1_94' title='bbox 257 721 452 753; x_wconf 74' lang='lat' dir='ltr'>‘arandum&#39;.</span> <span class='ocrx_word' id='word_1_95' title='bbox 534 730 734 753; x_wconf 80' lang='lat' dir='ltr'><strong>HESPERIAM</strong></span> <span class='ocrx_word' id='word_1_96' title='bbox 750 722 897 763; x_wconf 79' lang='lat' dir='ltr'>sequenti</span> <span class='ocrx_word' id='word_1_97' title='bbox 913 721 1058 762; x_wconf 84' lang='lat' dir='ltr'>epitheto</span> <span class='ocrx_word' id='word_1_98' title='bbox 1074 722 1205 753; x_wconf 84' lang='lat' dir='ltr'>Italiam</span> <span class='ocrx_word' id='word_1_99' title='bbox 1221 722 1261 753; x_wconf 85' lang='lat' dir='ltr'>ab</span> <span class='ocrx_word' id='word_1_100' title='bbox 1277 721 1437 762; x_wconf 81' lang='lat' dir='ltr'>Hispania</span> 
     </span>
     <span class='ocr_line' id='line_1_13' title="bbox 159 775 1437 816; baseline 0 -11"><span class='ocrx_word' id='word_1_101' title='bbox 159 775 358 816; x_wconf 81' lang='lat' dir='ltr'>segregavit,</span> <span class='ocrx_word' id='word_1_102' title='bbox 382 786 463 816; x_wconf 85' lang='lat' dir='ltr'>quae</span> <span class='ocrx_word' id='word_1_103' title='bbox 487 777 519 806; x_wconf 89' lang='lat' dir='ltr'>et</span> <span class='ocrx_word' id='word_1_104' title='bbox 543 775 613 816; x_wconf 87' lang='lat' dir='ltr'>ipsa</span> <span class='ocrx_word' id='word_1_105' title='bbox 633 775 792 816; x_wconf 82' lang='lat' dir='ltr'>Hesperia</span> <span class='ocrx_word' id='word_1_106' title='bbox 812 775 936 806; x_wconf 86' lang='lat' dir='ltr'>dicitur.</span> <span class='ocrx_word' id='word_1_107' title='bbox 965 777 993 806; x_wconf 87' lang='lat' dir='ltr'>et</span> <span class='ocrx_word' id='word_1_108' title='bbox 1010 776 1128 806; x_wconf 73' lang='lat' dir='ltr'>videtur</span> <span class='ocrx_word' id='word_1_109' title='bbox 1147 786 1201 816; x_wconf 76' lang='lat' dir='ltr'>per</span> <span class='ocrx_word' id='word_1_110' title='bbox 1220 776 1437 807; x_wconf 64' lang='lat' dir='ltr'>derivationem</span> 
     </span>
     <span class='ocr_line' id='line_1_14' title="bbox 161 828 636 868; baseline 0.004 -10"><span class='ocrx_word' id='word_1_111' title='bbox 161 828 253 858; x_wconf 73' lang='lat' dir='ltr'>etiam</span> <span class='ocrx_word' id='word_1_112' title='bbox 277 829 374 859; x_wconf 69' lang='lat' dir='ltr'>errori</span> <span class='ocrx_word' id='word_1_113' title='bbox 396 829 489 868; x_wconf 77' lang='lat' dir='ltr'>finem</span> <span class='ocrx_word' id='word_1_114' title='bbox 514 829 636 860; x_wconf 71' lang='lat' dir='ltr'>dedisse.</span> 
     </span>
    </p>

    <p class='ocr_par' dir='ltr' id='par_1_5' title="bbox 158 881 1437 1190">
     <span class='ocr_line' id='line_1_15' title="bbox 247 881 1437 922; baseline 0.001 -10"><span class='ocrx_word' id='word_1_115' title='bbox 247 882 318 913; x_wconf 77' lang='lat'>781.</span> <span class='ocrx_word' id='word_1_116' title='bbox 356 895 464 914; x_wconf 73' lang='lat' dir='ltr'>errs</span> <span class='ocrx_word' id='word_1_117' title='bbox 480 883 616 921; x_wconf 72' lang='lat' dir='ltr'><em>THYBRIS]</em></span> <span class='ocrx_word' id='word_1_118' title='bbox 651 884 724 922; x_wconf 72' lang='lat' dir='ltr'>qnia</span> <span class='ocrx_word' id='word_1_119' title='bbox 750 893 808 922; x_wconf 74' lang='lat' dir='ltr'>per</span> <span class='ocrx_word' id='word_1_120' title='bbox 844 883 989 913; x_wconf 73' lang='lat' dir='ltr'>Tusciam</span> <span class='ocrx_word' id='word_1_121' title='bbox 1021 883 1100 922; x_wconf 71' lang='lat' dir='ltr'>fluit.</span> <span class='ocrx_word' id='word_1_122' title='bbox 1148 881 1272 913; x_wconf 62' lang='lat' dir='ltr'>ssTnsei</span> <span class='ocrx_word' id='word_1_123' title='bbox 1304 883 1384 913; x_wconf 77' lang='lat' dir='ltr'>enim</span> <span class='ocrx_word' id='word_1_124' title='bbox 1417 893 1437 913; x_wconf 82' lang='lat' dir='ltr'>a</span> 
     </span>
     <span class='ocr_line' id='line_1_16' title="bbox 158 934 1435 977; baseline 0.002 -12"><span class='ocrx_word' id='word_1_125' title='bbox 158 934 255 975; x_wconf 72' lang='lat' dir='ltr'>Lydis</span> <span class='ocrx_word' id='word_1_126' title='bbox 278 936 425 975; x_wconf 69' lang='lat' dir='ltr'>oriqinem</span> <span class='ocrx_word' id='word_1_127' title='bbox 449 936 598 967; x_wconf 59' lang='lat' dir='ltr'>ducant*</span> <span class='ocrx_word' id='word_1_128' title='bbox 680 944 806 966; x_wconf 71' lang='lat' dir='ltr'>LYDIVS</span> <span class='ocrx_word' id='word_1_129' title='bbox 832 944 980 967; x_wconf 74' lang='lat' dir='ltr'>THYBRIS</span> <span class='ocrx_word' id='word_1_130' title='bbox 1005 936 1138 976; x_wconf 80' lang='lat' dir='ltr'>Tuscus,</span> <span class='ocrx_word' id='word_1_131' title='bbox 1163 936 1266 967; x_wconf 89' lang='lat' dir='ltr'>dictus</span> <span class='ocrx_word' id='word_1_132' title='bbox 1292 935 1435 977; x_wconf 70' lang='lat' dir='ltr'>‘Lydius’</span> 
     </span>
     <span class='ocr_line' id='line_1_17' title="bbox 161 988 1436 1030; baseline 0.002 -12"><span class='ocrx_word' id='word_1_133' title='bbox 161 999 179 1018; x_wconf 88' lang='lat' dir='ltr'>a</span> <span class='ocrx_word' id='word_1_134' title='bbox 216 988 316 1019; x_wconf 85' lang='lat' dir='ltr'>fratre</span> <span class='ocrx_word' id='word_1_135' title='bbox 350 988 519 1029; x_wconf 84' lang='lat' dir='ltr'>Tyrrheni.</span> <span class='ocrx_word' id='word_1_136' title='bbox 571 1000 645 1020; x_wconf 85' lang='lat' dir='ltr'>nam</span> <span class='ocrx_word' id='word_1_137' title='bbox 679 988 785 1030; x_wconf 84' lang='lat' dir='ltr'>Lydus</span> <span class='ocrx_word' id='word_1_138' title='bbox 821 991 852 1019; x_wconf 86' lang='lat' dir='ltr'>et</span> <span class='ocrx_word' id='word_1_139' title='bbox 888 988 1073 1030; x_wconf 84' lang='lat' dir='ltr'>Tyrrhenus</span> <span class='ocrx_word' id='word_1_140' title='bbox 1108 989 1169 1020; x_wconf 89' lang='lat' dir='ltr'>duo</span> <span class='ocrx_word' id='word_1_141' title='bbox 1204 989 1332 1029; x_wconf 83' lang='lat' dir='ltr'>fratres,</span> <span class='ocrx_word' id='word_1_142' title='bbox 1366 1001 1436 1020; x_wconf 89' lang='lat' dir='ltr'>cum</span> 
     </span>
     <span class='ocr_line' id='line_1_18' title="bbox 159 1042 1436 1083; baseline 0.001 -11"><span class='ocrx_word' id='word_1_143' title='bbox 159 1051 213 1072; x_wconf 77' lang='lat' dir='ltr'>eos</span> <span class='ocrx_word' id='word_1_144' title='bbox 238 1042 405 1082; x_wconf 85' lang='lat' dir='ltr'>provincia</span> <span class='ocrx_word' id='word_1_145' title='bbox 429 1054 491 1073; x_wconf 85' lang='lat' dir='ltr'>una</span> <span class='ocrx_word' id='word_1_146' title='bbox 515 1053 579 1073; x_wconf 89' lang='lat' dir='ltr'>non</span> <span class='ocrx_word' id='word_1_147' title='bbox 603 1042 714 1082; x_wconf 82' lang='lat' dir='ltr'>ferret,</span> <span class='ocrx_word' id='word_1_148' title='bbox 739 1042 773 1072; x_wconf 89' lang='lat' dir='ltr'>in</span> <span class='ocrx_word' id='word_1_149' title='bbox 798 1044 920 1073; x_wconf 83' lang='lat' dir='ltr'>sortem</span> <span class='ocrx_word' id='word_1_150' title='bbox 944 1042 1115 1082; x_wconf 87' lang='lat' dir='ltr'>miserunt,</span> <span class='ocrx_word' id='word_1_151' title='bbox 1140 1044 1175 1073; x_wconf 89' lang='lat' dir='ltr'>ut</span> <span class='ocrx_word' id='word_1_152' title='bbox 1200 1042 1311 1073; x_wconf 82' lang='lat' dir='ltr'>divisis</span> <span class='ocrx_word' id='word_1_153' title='bbox 1337 1043 1436 1083; x_wconf 83' lang='lat' dir='ltr'>copiis</span> 
     </span>
     <span class='ocr_line' id='line_1_19' title="bbox 158 1094 1437 1136; baseline 0.001 -11"><span class='ocrx_word' id='word_1_154' title='bbox 158 1094 415 1135; x_wconf 86' lang='lat' dir='ltr'>proficisceretur</span> <span class='ocrx_word' id='word_1_155' title='bbox 438 1107 520 1126; x_wconf 85' lang='lat' dir='ltr'>unus</span> <span class='ocrx_word' id='word_1_156' title='bbox 552 1096 591 1127; x_wconf 87' lang='lat' dir='ltr'>ad</span> <span class='ocrx_word' id='word_1_157' title='bbox 615 1107 715 1127; x_wconf 86' lang='lat' dir='ltr'>novas</span> <span class='ocrx_word' id='word_1_158' title='bbox 746 1096 835 1127; x_wconf 81' lang='lat' dir='ltr'>sedes</span> <span class='ocrx_word' id='word_1_159' title='bbox 861 1094 1067 1136; x_wconf 82' lang='lat' dir='ltr'>quaerendas.</span> <span class='ocrx_word' id='word_1_160' title='bbox 1113 1095 1276 1136; x_wconf 82' lang='lat' dir='ltr'>profectus</span> <span class='ocrx_word' id='word_1_161' title='bbox 1301 1095 1437 1136; x_wconf 83' lang='lat' dir='ltr'>Tyrrhe-</span> 
     </span>
     <span class='ocr_line' id='line_1_20' title="bbox 158 1148 1437 1190; baseline 0.002 -12"><span class='ocrx_word' id='word_1_162' title='bbox 158 1159 217 1178; x_wconf 75' lang='lat' dir='ltr'>nus</span> <span class='ocrx_word' id='word_1_163' title='bbox 243 1150 303 1188; x_wconf 82' lang='lat' dir='ltr'>est,</span> <span class='ocrx_word' id='word_1_164' title='bbox 329 1149 383 1189; x_wconf 87' lang='lat' dir='ltr'>qui</span> <span class='ocrx_word' id='word_1_165' title='bbox 403 1159 440 1179; x_wconf 78' lang='lat' dir='ltr'>ex</span> <span class='ocrx_word' id='word_1_166' title='bbox 461 1160 517 1180; x_wconf 85' lang='lat' dir='ltr'>suo</span> <span class='ocrx_word' id='word_1_167' title='bbox 538 1149 667 1180; x_wconf 85' lang='lat' dir='ltr'>nomine</span> <span class='ocrx_word' id='word_1_168' title='bbox 687 1149 809 1180; x_wconf 80' lang='lat' dir='ltr'>Tuscos</span> <span class='ocrx_word' id='word_1_169' title='bbox 830 1149 1013 1190; x_wconf 86' lang='lat' dir='ltr'>Tyrrhenos</span> <span class='ocrx_word' id='word_1_170' title='bbox 1038 1149 1175 1180; x_wconf 85' lang='lat' dir='ltr'>vocavit.</span> <span class='ocrx_word' id='word_1_171' title='bbox 1205 1148 1308 1190; x_wconf 84' lang='lat' dir='ltr'>Lydia</span> <span class='ocrx_word' id='word_1_172' title='bbox 1328 1151 1437 1180; x_wconf 82' lang='lat' dir='ltr'>autem</span> 
     </span>
    </p>
   </div>
   <div class='ocr_carea' id='block_1_3' title="bbox 159 1201 1462 1243">
    <p class='ocr_par' dir='ltr' id='par_1_6' title="bbox 159 1201 1462 1243">
     <span class='ocr_line' id='line_1_21' title="bbox 159 1201 1462 1243; baseline 0.001 -11"><span class='ocrx_word' id='word_1_173' title='bbox 159 1201 245 1232; x_wconf 85' lang='lat' dir='ltr'>dicta</span> <span class='ocrx_word' id='word_1_174' title='bbox 270 1204 332 1241; x_wconf 77' lang='lat' dir='ltr'>est,</span> <span class='ocrx_word' id='word_1_175' title='bbox 356 1201 388 1232; x_wconf 85' lang='lat' dir='ltr'>in</span> <span class='ocrx_word' id='word_1_176' title='bbox 413 1213 476 1243; x_wconf 84' lang='lat' dir='ltr'>qua</span> <span class='ocrx_word' id='word_1_177' title='bbox 500 1202 600 1233; x_wconf 87' lang='lat' dir='ltr'>frater</span> <span class='ocrx_word' id='word_1_178' title='bbox 624 1205 832 1233; x_wconf 80' lang='lat' dir='ltr'>remanserat.</span> <span class='ocrx_word' id='word_1_179' title='bbox 861 1203 944 1233; x_wconf 86' lang='lat' dir='ltr'>unde</span> <span class='ocrx_word' id='word_1_180' title='bbox 968 1214 1051 1233; x_wconf 88' lang='lat' dir='ltr'>nunc</span> <span class='ocrx_word' id='word_1_181' title='bbox 1071 1203 1184 1243; x_wconf 80' lang='lat' dir='ltr'>traxit,</span> <span class='ocrx_word' id='word_1_182' title='bbox 1208 1204 1244 1233; x_wconf 90' lang='lat' dir='ltr'>ut</span> <span class='ocrx_word' id='word_1_183' title='bbox 1264 1202 1436 1243; x_wconf 63' lang='lat' dir='ltr'>‘Lydium’</span> <span class='ocrx_word' id='word_1_184' title='bbox 1456 1214 1462 1221; x_wconf 64' lang='grc'>·</span> 
     </span>
    </p>
   </div>
   <div class='ocr_carea' id='block_1_4' title="bbox 157 1252 1437 1350">
    <p class='ocr_par' dir='ltr' id='par_1_7' title="bbox 157 1252 1437 1350">
     <span class='ocr_line' id='line_1_22' title="bbox 158 1252 1435 1296; baseline 0.001 -11"><span class='ocrx_word' id='word_1_185' title='bbox 158 1254 286 1286; x_wconf 87' lang='lat' dir='ltr'>diceret.</span> <span class='ocrx_word' id='word_1_186' title='bbox 325 1254 422 1286; x_wconf 86' lang='lat' dir='ltr'>Tusci</span> <span class='ocrx_word' id='word_1_187' title='bbox 446 1258 553 1286; x_wconf 86' lang='lat' dir='ltr'>autem</span> <span class='ocrx_word' id='word_1_188' title='bbox 579 1267 597 1286; x_wconf 86' lang='lat' dir='ltr'>a</span> <span class='ocrx_word' id='word_1_189' title='bbox 621 1256 803 1296; x_wconf 74' lang='lat' dir='ltr'>frequentia</span> <span class='ocrx_word' id='word_1_190' title='bbox 824 1256 973 1287; x_wconf 83' lang='lat' dir='ltr'>sacrificii</span> <span class='ocrx_word' id='word_1_191' title='bbox 998 1256 1076 1287; x_wconf 81' lang='lat' dir='ltr'>dic-ti</span> <span class='ocrx_word' id='word_1_192' title='bbox 1101 1258 1189 1296; x_wconf 83' lang='lat' dir='ltr'>sunt,</span> <span class='ocrx_word' id='word_1_193' title='bbox 1214 1256 1274 1286; x_wconf 91' lang='lat' dir='ltr'>hoc</span> <span class='ocrx_word' id='word_1_194' title='bbox 1299 1257 1348 1287; x_wconf 88' lang='lat' dir='ltr'>est</span> <span class='ocrx_word' id='word_1_195' title='bbox 1372 1252 1435 1287; x_wconf 78' lang='grc' dir='ltr'>ἀπὸ</span> 
     </span>
     <span class='ocr_line' id='line_1_23' title="bbox 157 1306 1437 1350; baseline 0.001 -11"><span class='ocrx_word' id='word_1_196' title='bbox 157 1308 219 1340; x_wconf 85' lang='grc' dir='ltr'>τοῦ</span> <span class='ocrx_word' id='word_1_197' title='bbox 242 1306 350 1339; x_wconf 78' lang='grc' dir='ltr'><em>θύειν.</em></span> <span class='ocrx_word' id='word_1_198' title='bbox 388 1311 516 1340; x_wconf 84' lang='lat' dir='ltr'>constat</span> <span class='ocrx_word' id='word_1_199' title='bbox 540 1320 691 1350; x_wconf 84' lang='lat' dir='ltr'>namque,</span> <span class='ocrx_word' id='word_1_200' title='bbox 715 1309 782 1340; x_wconf 89' lang='lat' dir='ltr'>illic</span> <span class='ocrx_word' id='word_1_201' title='bbox 807 1320 825 1340; x_wconf 82' lang='lat' dir='ltr'>a</span> <span class='ocrx_word' id='word_1_202' title='bbox 849 1309 937 1349; x_wconf 73' lang='lat' dir='ltr'>Tage</span> <span class='ocrx_word' id='word_1_203' title='bbox 962 1309 1179 1350; x_wconf 78' lang='lat' dir='ltr'>aruspicinam</span> <span class='ocrx_word' id='word_1_204' title='bbox 1202 1311 1377 1350; x_wconf 82' lang='lat' dir='ltr'>repertam,</span> <span class='ocrx_word' id='word_1_205' title='bbox 1402 1312 1437 1340; x_wconf 91' lang='lat' dir='ltr'>ut</span> 
     </span>
    </p>
   </div>
   <div class='ocr_carea' id='block_1_5' title="bbox 159 1413 1436 1484">
    <p class='ocr_par' dir='ltr' id='par_1_8' title="bbox 159 1413 1436 1484">
     <span class='ocr_line' id='line_1_24' title="bbox 233 1413 1436 1477; baseline 0 -36"><span class='ocrx_word' id='word_1_206' title='bbox 233 1416 391 1477; x_wconf 64' lang='lat' dir='ltr'>l5tTuscus</span> <span class='ocrx_word' id='word_1_207' title='bbox 412 1436 416 1441; x_wconf 92' lang='lat'>.</span> <span class='ocrx_word' id='word_1_208' title='bbox 434 1436 439 1440; x_wconf 93' lang='lat'>.</span> <span class='ocrx_word' id='word_1_209' title='bbox 457 1437 461 1442; x_wconf 92' lang='lat'>.</span> <span class='ocrx_word' id='word_1_210' title='bbox 482 1413 538 1441; x_wconf 79' lang='grc' dir='ltr'><em>οἷπὸ</em></span> <span class='ocrx_word' id='word_1_211' title='bbox 567 1415 615 1441; x_wconf 81' lang='grc' dir='ltr'>τοῦ</span> <span class='ocrx_word' id='word_1_212' title='bbox 639 1414 736 1449; x_wconf 75' lang='grc' dir='ltr'>θύειν]</span> <span class='ocrx_word' id='word_1_213' title='bbox 763 1415 796 1441; x_wconf 89' lang='lat' dir='ltr'>cf.</span> <span class='ocrx_word' id='word_1_214' title='bbox 816 1414 879 1440; x_wconf 80' lang='lat' dir='ltr'>Isid.</span> <span class='ocrx_word' id='word_1_215' title='bbox 901 1414 969 1448; x_wconf 81' lang='lat' dir='ltr'>orig.</span> <span class='ocrx_word' id='word_1_216' title='bbox 990 1414 1026 1440; x_wconf 82' lang='lat' dir='ltr'>lx</span> <span class='ocrx_word' id='word_1_217' title='bbox 1048 1418 1076 1447; x_wconf 73' lang='lat'>2,</span> <span class='ocrx_word' id='word_1_218' title='bbox 1097 1417 1138 1441; x_wconf 84' lang='lat'>86.</span> <span class='ocrx_word' id='word_1_219' title='bbox 1169 1414 1231 1440; x_wconf 79' lang='lat' dir='ltr'>XIV</span> <span class='ocrx_word' id='word_1_220' title='bbox 1251 1418 1280 1447; x_wconf 85' lang='lat'>3,</span> <span class='ocrx_word' id='word_1_221' title='bbox 1303 1418 1344 1441; x_wconf 81' lang='lat'>43.</span> <span class='ocrx_word' id='word_1_222' title='bbox 1373 1415 1436 1441; x_wconf 86' lang='lat' dir='ltr'>XIV</span> 
     </span>
     <span class='ocr_line' id='line_1_25' title="bbox 159 1454 336 1484; baseline 0.006 -8"><span class='ocrx_word' id='word_1_223' title='bbox 159 1454 183 1484; x_wconf 74' lang='lat'>4,</span> <span class='ocrx_word' id='word_1_224' title='bbox 203 1454 237 1476; x_wconf 82' lang='lat'>20</span> <span class='ocrx_word' id='word_1_225' title='bbox 257 1459 271 1477; x_wconf 84' lang='lat' dir='ltr'>e</span> <span class='ocrx_word' id='word_1_226' title='bbox 304 1454 336 1477; x_wconf 73' lang='lat'>‘22</span> 
     </span>
    </p>
   </div>
   <div class='ocr_carea' id='block_1_6' title="bbox 154 1549 1439 2115">
    <p class='ocr_par' dir='ltr' id='par_1_9' title="bbox 154 1549 1439 2115">
     <span class='ocr_line' id='line_1_26' title="bbox 232 1549 1436 1582; baseline 0 -8"><span class='ocrx_word' id='word_1_227' title='bbox 232 1552 243 1574; x_wconf 83' lang='lat'>1</span> <span class='ocrx_word' id='word_1_228' title='bbox 266 1549 398 1575; x_wconf 78' lang='lat' dir='ltr'>eueniunt</span> <span class='ocrx_word' id='word_1_229' title='bbox 421 1550 452 1574; x_wconf 91' lang='lat' dir='ltr'>ut</span> <span class='ocrx_word' id='word_1_230' title='bbox 472 1549 505 1574; x_wconf 89' lang='lat' dir='ltr'><em>H</em></span> <span class='ocrx_word' id='word_1_231' title='bbox 523 1550 532 1582; x_wconf 85' lang='grc' dir='ltr'>ΙΙ</span> <span class='ocrx_word' id='word_1_232' title='bbox 556 1549 698 1582; x_wconf 86' lang='lat' dir='ltr'>comitem]</span> <span class='ocrx_word' id='word_1_233' title='bbox 723 1549 866 1581; x_wconf 82' lang='lat' dir='ltr'>asportare</span> <span class='ocrx_word' id='word_1_234' title='bbox 891 1557 1015 1574; x_wconf 76' lang='lat' dir='ltr'>creusam</span> <span class='ocrx_word' id='word_1_235' title='bbox 1041 1549 1104 1575; x_wconf 81' lang='lat' dir='ltr'>add.</span> <span class='ocrx_word' id='word_1_236' title='bbox 1124 1549 1166 1574; x_wconf 78' lang='lat' dir='ltr'>El</span> <span class='ocrx_word' id='word_1_237' title='bbox 1189 1550 1198 1582; x_wconf 85' lang='grc' dir='ltr'>ΙΙ</span> <span class='ocrx_word' id='word_1_238' title='bbox 1222 1549 1391 1582; x_wconf 75' lang='lat' dir='ltr'>sinalipham</span> <span class='ocrx_word' id='word_1_239' title='bbox 1412 1549 1436 1574; x_wconf 89' lang='lat' dir='ltr'><em>L</em></span> 
     </span>
     <span class='ocr_line' id='line_1_27' title="bbox 159 1584 1435 1618; baseline 0 -8"><span class='ocrx_word' id='word_1_240' title='bbox 159 1584 333 1618; x_wconf 82' lang='lat' dir='ltr'>sinalypham</span> <span class='ocrx_word' id='word_1_241' title='bbox 354 1585 387 1609; x_wconf 87' lang='grc' dir='ltr'><em>Η</em></span> <span class='ocrx_word' id='word_1_242' title='bbox 402 1584 549 1617; x_wconf 77' lang='lat' dir='ltr'>sinalyfam</span> <span class='ocrx_word' id='word_1_243' title='bbox 571 1585 607 1609; x_wconf 81' lang='lat' dir='ltr'><em>M</em></span> <span class='ocrx_word' id='word_1_244' title='bbox 623 1586 632 1617; x_wconf 89' lang='grc' dir='ltr'>ΙΙ</span> <span class='ocrx_word' id='word_1_245' title='bbox 650 1587 664 1609; x_wconf 73' lang='grc'>2</span> <span class='ocrx_word' id='word_1_246' title='bbox 686 1584 835 1617; x_wconf 72' lang='lat' dir='ltr'>ecthlipsin</span> <span class='ocrx_word' id='word_1_247' title='bbox 857 1584 1024 1610; x_wconf 65' lang='lat' dir='ltr'>Jlasvieius:</span> <span class='ocrx_word' id='word_1_248' title='bbox 1044 1584 1168 1617; x_wconf 70' lang='lat' dir='ltr'>eclypsin</span> <span class='ocrx_word' id='word_1_249' title='bbox 1189 1584 1314 1617; x_wconf 69' lang='lat' dir='ltr'>LHMH</span> <span class='ocrx_word' id='word_1_250' title='bbox 1334 1585 1435 1618; x_wconf 62' lang='lat' dir='ltr'>synali&lt;</span> 
     </span>
     <span class='ocr_line' id='line_1_28' title="bbox 159 1619 1435 1653; baseline 0.001 -8"><span class='ocrx_word' id='word_1_251' title='bbox 159 1620 243 1653; x_wconf 86' lang='lat' dir='ltr'>pham</span> <span class='ocrx_word' id='word_1_252' title='bbox 263 1620 287 1645; x_wconf 91' lang='lat' dir='ltr'><em>L</em></span> <span class='ocrx_word' id='word_1_253' title='bbox 307 1620 492 1653; x_wconf 76' lang='lat' dir='ltr'>synalypham</span> <span class='ocrx_word' id='word_1_254' title='bbox 513 1620 545 1645; x_wconf 86' lang='grc' dir='ltr'><em>Η</em></span> <span class='ocrx_word' id='word_1_255' title='bbox 566 1620 714 1653; x_wconf 72' lang='lat' dir='ltr'>sinalyfain</span> <span class='ocrx_word' id='word_1_256' title='bbox 736 1620 770 1645; x_wconf 73' lang='lat' dir='ltr'><em>M</em></span> <span class='ocrx_word' id='word_1_257' title='bbox 788 1621 797 1653; x_wconf 88' lang='grc' dir='ltr'>ΙΙ</span> <span class='ocrx_word' id='word_1_258' title='bbox 816 1619 927 1653; x_wconf 77' lang='lat' dir='ltr'>recipit]</span> <span class='ocrx_word' id='word_1_259' title='bbox 948 1620 977 1645; x_wconf 86' lang='lat' dir='ltr'>et</span> <span class='ocrx_word' id='word_1_260' title='bbox 997 1620 1164 1652; x_wconf 81' lang='lat' dir='ltr'>‘asportare’</span> <span class='ocrx_word' id='word_1_261' title='bbox 1186 1620 1256 1646; x_wconf 88' lang='lat' dir='ltr'>bene</span> <span class='ocrx_word' id='word_1_262' title='bbox 1276 1620 1360 1651; x_wconf 49' lang='lat' dir='ltr'>dixin</span> <span class='ocrx_word' id='word_1_263' title='bbox 1381 1629 1435 1646; x_wconf 87' lang='lat' dir='ltr'>nou</span> 
     </span>
     <span class='ocr_line' id='line_1_29' title="bbox 159 1654 1433 1689; baseline 0 -8"><span class='ocrx_word' id='word_1_264' title='bbox 159 1655 232 1681; x_wconf 89' lang='lat' dir='ltr'>enim</span> <span class='ocrx_word' id='word_1_265' title='bbox 251 1655 386 1689; x_wconf 84' lang='lat' dir='ltr'>Virgilius</span> <span class='ocrx_word' id='word_1_266' title='bbox 406 1655 464 1681; x_wconf 88' lang='lat' dir='ltr'>sine</span> <span class='ocrx_word' id='word_1_267' title='bbox 485 1655 591 1681; x_wconf 84' lang='lat' dir='ltr'>ratione</span> <span class='ocrx_word' id='word_1_268' title='bbox 614 1655 666 1681; x_wconf 85' lang='lat' dir='ltr'>‘as’</span> <span class='ocrx_word' id='word_1_269' title='bbox 689 1663 791 1688; x_wconf 85' lang='lat' dir='ltr'>ponere</span> <span class='ocrx_word' id='word_1_270' title='bbox 815 1654 960 1688; x_wconf 79' lang='lat' dir='ltr'>potuisset.</span> <span class='ocrx_word' id='word_1_271' title='bbox 1000 1656 1028 1680; x_wconf 65' lang='lat' dir='ltr'>ct</span> <span class='ocrx_word' id='word_1_272' title='bbox 1047 1655 1120 1681; x_wconf 81' lang='lat' dir='ltr'>haud</span> <span class='ocrx_word' id='word_1_273' title='bbox 1140 1656 1245 1681; x_wconf 84' lang='lat' dir='ltr'>temere</span> <span class='ocrx_word' id='word_1_274' title='bbox 1266 1656 1433 1689; x_wconf 78' lang='lat' dir='ltr'>‘asportare&#39;</span> 
     </span>
     <span class='ocr_line' id='line_1_30' title="bbox 158 1690 1436 1724; baseline 0 -8"><span class='ocrx_word' id='word_1_275' title='bbox 158 1690 229 1716; x_wconf 84' lang='lat' dir='ltr'>dixit</span> <span class='ocrx_word' id='word_1_276' title='bbox 248 1691 318 1716; x_wconf 67' lang='lat' dir='ltr'>claui</span> <span class='ocrx_word' id='word_1_277' title='bbox 340 1691 501 1724; x_wconf 81' lang='lat' dir='ltr'>deportare:</span> <span class='ocrx_word' id='word_1_278' title='bbox 522 1699 585 1716; x_wconf 86' lang='lat' dir='ltr'>nam</span> <span class='ocrx_word' id='word_1_279' title='bbox 606 1691 673 1723; x_wconf 86' lang='lat' dir='ltr'>quid</span> <span class='ocrx_word' id='word_1_280' title='bbox 693 1690 794 1716; x_wconf 87' lang='lat' dir='ltr'>ibidem</span> <span class='ocrx_word' id='word_1_281' title='bbox 816 1692 920 1716; x_wconf 72' lang='lat' dir='ltr'>faceret</span> <span class='ocrx_word' id='word_1_282' title='bbox 941 1691 1005 1721; x_wconf 72' lang='lat' dir='ltr'>‘as&#39;‚</span> <span class='ocrx_word' id='word_1_283' title='bbox 1026 1699 1096 1723; x_wconf 88' lang='lat' dir='ltr'>quae</span> <span class='ocrx_word' id='word_1_284' title='bbox 1117 1691 1226 1724; x_wconf 75' lang='lat' dir='ltr'>syllaba</span> <span class='ocrx_word' id='word_1_285' title='bbox 1244 1691 1436 1723; x_wconf 81' lang='lat' dir='ltr'>quaestionem</span> 
     </span>
     <span class='ocr_line' id='line_1_31' title="bbox 158 1725 1435 1759; baseline 0 -7"><span class='ocrx_word' id='word_1_286' title='bbox 158 1726 186 1751; x_wconf 91' lang='lat' dir='ltr'>in</span> <span class='ocrx_word' id='word_1_287' title='bbox 202 1726 346 1752; x_wconf 83' lang='lat' dir='ltr'>scansione</span> <span class='ocrx_word' id='word_1_288' title='bbox 362 1726 449 1752; x_wconf 74' lang='lat' dir='ltr'>facit?</span> <span class='ocrx_word' id='word_1_289' title='bbox 470 1735 534 1752; x_wconf 88' lang='lat' dir='ltr'>nam</span> <span class='ocrx_word' id='word_1_290' title='bbox 551 1727 579 1752; x_wconf 85' lang='lat' dir='ltr'>et</span> <span class='ocrx_word' id='word_1_291' title='bbox 591 1726 686 1752; x_wconf 86' lang='lat' dir='ltr'>Cicero</span> <span class='ocrx_word' id='word_1_292' title='bbox 703 1726 743 1752; x_wconf 86' lang='lat' dir='ltr'>ait</span> <span class='ocrx_word' id='word_1_293' title='bbox 757 1726 784 1751; x_wconf 85' lang='lat' dir='ltr'>iu</span> <span class='ocrx_word' id='word_1_294' title='bbox 800 1726 890 1759; x_wconf 80' lang='lat' dir='ltr'>primo</span> <span class='ocrx_word' id='word_1_295' title='bbox 906 1725 977 1751; x_wconf 87' lang='lat' dir='ltr'>libro</span> <span class='ocrx_word' id='word_1_296' title='bbox 988 1726 1168 1752; x_wconf 72' lang='lat' dir='ltr'>Veri-inarum</span> <span class='ocrx_word' id='word_1_297' title='bbox 1185 1727 1226 1757; x_wconf 80' lang='lat' dir='ltr'>(in</span> <span class='ocrx_word' id='word_1_298' title='bbox 1238 1726 1334 1752; x_wconf 61' lang='lat' dir='ltr'>caecil.</span> <span class='ocrx_word' id='word_1_299' title='bbox 1351 1728 1435 1752; x_wconf 72' lang='lat' dir='ltr'>divin.</span> 
     </span>
     <span class='ocr_line' id='line_1_32' title="bbox 159 1760 1436 1795; baseline 0.001 -8"><span class='ocrx_word' id='word_1_300' title='bbox 159 1761 196 1787; x_wconf 87' lang='lat' dir='ltr'>IX</span> <span class='ocrx_word' id='word_1_301' title='bbox 216 1763 260 1793; x_wconf 80' lang='lat'>29)</span> <span class='ocrx_word' id='word_1_302' title='bbox 282 1762 348 1787; x_wconf 80' lang='lat' dir='ltr'>‘non</span> <span class='ocrx_word' id='word_1_303' title='bbox 369 1762 397 1787; x_wconf 88' lang='lat' dir='ltr'>te</span> <span class='ocrx_word' id='word_1_304' title='bbox 417 1770 449 1787; x_wconf 82' lang='lat' dir='ltr'>ex</span> <span class='ocrx_word' id='word_1_305' title='bbox 470 1761 566 1788; x_wconf 83' lang='lat' dir='ltr'>Sicilia</span> <span class='ocrx_word' id='word_1_306' title='bbox 584 1761 692 1787; x_wconf 84' lang='lat' dir='ltr'>litteras</span> <span class='ocrx_word' id='word_1_307' title='bbox 712 1761 739 1787; x_wconf 86' lang='lat' dir='ltr'>in</span> <span class='ocrx_word' id='word_1_308' title='bbox 760 1762 874 1787; x_wconf 84' lang='lat' dir='ltr'>Verrem</span> <span class='ocrx_word' id='word_1_309' title='bbox 894 1760 1040 1795; x_wconf 86' lang='lat' dir='ltr'>deportare</span> <span class='ocrx_word' id='word_1_310' title='bbox 1061 1761 1133 1788; x_wconf 84' lang='lat' dir='ltr'>uelle</span> <span class='ocrx_word' id='word_1_311' title='bbox 1153 1761 1368 1794; x_wconf 85' lang='lat' dir='ltr'>arbitrabantur,</span> <span class='ocrx_word' id='word_1_312' title='bbox 1389 1763 1436 1788; x_wconf 79' lang='lat' dir='ltr'>sed</span> 
     </span>
     <span class='ocr_line' id='line_1_33' title="bbox 159 1796 1436 1831; baseline 0.001 -9"><span class='ocrx_word' id='word_1_313' title='bbox 159 1797 233 1830; x_wconf 88' lang='lat' dir='ltr'>quod</span> <span class='ocrx_word' id='word_1_314' title='bbox 251 1796 351 1823; x_wconf 79' lang='lat' dir='ltr'>iisdem</span> <span class='ocrx_word' id='word_1_315' title='bbox 370 1797 472 1823; x_wconf 87' lang='lat' dir='ltr'>litteris</span> <span class='ocrx_word' id='word_1_316' title='bbox 492 1797 567 1823; x_wconf 83' lang='lat' dir='ltr'>illius</span> <span class='ocrx_word' id='word_1_317' title='bbox 591 1798 724 1830; x_wconf 76' lang='lat' dir='ltr'>praetura</span> <span class='ocrx_word' id='word_1_318' title='bbox 747 1797 775 1823; x_wconf 91' lang='lat' dir='ltr'>et</span> <span class='ocrx_word' id='word_1_319' title='bbox 798 1799 847 1823; x_wconf 85' lang='lat' dir='ltr'>tua</span> <span class='ocrx_word' id='word_1_320' title='bbox 873 1798 1022 1829; x_wconf 76' lang='lat' dir='ltr'>quaestura</span> <span class='ocrx_word' id='word_1_321' title='bbox 1041 1797 1206 1830; x_wconf 80' lang='lat' dir='ltr'>consignata</span> <span class='ocrx_word' id='word_1_322' title='bbox 1225 1797 1273 1830; x_wconf 85' lang='lat' dir='ltr'>sit,</span> <span class='ocrx_word' id='word_1_323' title='bbox 1293 1799 1436 1831; x_wconf 79' lang='lat' dir='ltr'>asportare</span> 
     </span>
     <span class='ocr_line' id='line_1_34' title="bbox 158 1832 1435 1866; baseline 0.001 -8"><span class='ocrx_word' id='word_1_324' title='bbox 158 1834 185 1858; x_wconf 88' lang='lat' dir='ltr'>te</span> <span class='ocrx_word' id='word_1_325' title='bbox 205 1832 278 1858; x_wconf 87' lang='lat' dir='ltr'>uelle</span> <span class='ocrx_word' id='word_1_326' title='bbox 298 1841 331 1858; x_wconf 85' lang='lat' dir='ltr'>ex</span> <span class='ocrx_word' id='word_1_327' title='bbox 351 1832 447 1858; x_wconf 83' lang='lat' dir='ltr'>Sicilia</span> <span class='ocrx_word' id='word_1_328' title='bbox 466 1832 575 1858; x_wconf 84' lang='lat' dir='ltr'>litteras</span> <span class='ocrx_word' id='word_1_329' title='bbox 600 1833 782 1866; x_wconf 85' lang='lat' dir='ltr'>suspicantur.</span> <span class='ocrx_word' id='word_1_330' title='bbox 806 1833 869 1859; x_wconf 80' lang='lat' dir='ltr'>add.</span> <span class='ocrx_word' id='word_1_331' title='bbox 889 1833 918 1858; x_wconf 87' lang='lat' dir='ltr'><em>D</em></span> <span class='ocrx_word' id='word_1_332' title='bbox 941 1833 950 1865; x_wconf 75' lang='grc' dir='ltr'>ΙΙ</span> <span class='ocrx_word' id='word_1_333' title='bbox 972 1833 1102 1858; x_wconf 71' lang='lat' dir='ltr'>scholium</span> <span class='ocrx_word' id='word_1_334' title='bbox 1126 1833 1163 1859; x_wconf 78' lang='lat' dir='ltr'>ad</span> <span class='ocrx_word' id='word_1_335' title='bbox 1183 1833 1312 1859; x_wconf 78' lang='lat' dir='ltr'>Creusam</span> <span class='ocrx_word' id='word_1_336' title='bbox 1334 1834 1435 1859; x_wconf 75' lang='lat' dir='ltr'>adscri-</span> 
     </span>
     <span class='ocr_line' id='line_1_35' title="bbox 154 1867 1437 1902; baseline 0.001 -9"><span class='ocrx_word' id='word_1_337' title='bbox 154 1871 234 1901; x_wconf 75' lang='lat' dir='ltr'>ptum</span> <span class='ocrx_word' id='word_1_338' title='bbox 259 1869 310 1894; x_wconf 75' lang='lat' dir='ltr'>hue</span> <span class='ocrx_word' id='word_1_339' title='bbox 333 1869 502 1901; x_wconf 76' lang='lat' dir='ltr'>transposuit</span> <span class='ocrx_word' id='word_1_340' title='bbox 525 1868 719 1898; x_wconf 70' lang='lat' dir='ltr'>Burmannus,</span> <span class='ocrx_word' id='word_1_341' title='bbox 744 1871 806 1901; x_wconf 76' lang='lat' dir='ltr'>post</span> <span class='ocrx_word' id='word_1_342' title='bbox 830 1867 883 1893; x_wconf 88' lang='lat' dir='ltr'>tibi</span> <span class='ocrx_word' id='word_1_343' title='bbox 906 1869 1003 1894; x_wconf 76' lang='lat' dir='ltr'>habent</span> <span class='ocrx_word' id='word_1_344' title='bbox 1029 1869 1100 1894; x_wconf 65' lang='lat' dir='ltr'>libri.</span> <span class='ocrx_word' id='word_1_345' title='bbox 1125 1869 1133 1902; x_wconf 82' lang='grc' dir='ltr'>[Ι</span> <span class='ocrx_word' id='word_1_346' title='bbox 1157 1872 1172 1894; x_wconf 78' lang='grc'>4</span> <span class='ocrx_word' id='word_1_347' title='bbox 1197 1877 1246 1901; x_wconf 87' lang='lat' dir='ltr'>pro</span> <span class='ocrx_word' id='word_1_348' title='bbox 1271 1869 1327 1894; x_wconf 79' lang='lat' dir='ltr'>fato</span> <span class='ocrx_word' id='word_1_349' title='bbox 1352 1870 1437 1895; x_wconf 74' lang='lat' dir='ltr'>edidit</span> 
     </span>
     <span class='ocr_line' id='line_1_36' title="bbox 158 1903 1437 1937; baseline 0.001 -8"><span class='ocrx_word' id='word_1_350' title='bbox 158 1904 261 1929; x_wconf 72' lang='lat' dir='ltr'>Dauid</span> <span class='ocrx_word' id='word_1_351' title='bbox 284 1904 293 1936; x_wconf 80' lang='grc' dir='ltr'>ΙΙ</span> <span class='ocrx_word' id='word_1_352' title='bbox 317 1906 331 1929; x_wconf 83' lang='grc'><strong>5</strong></span> <span class='ocrx_word' id='word_1_353' title='bbox 352 1913 412 1929; x_wconf 70' lang='lat' dir='ltr'>um:</span> <span class='ocrx_word' id='word_1_354' title='bbox 433 1925 437 1930; x_wconf 93' lang='lat'>.</span> <span class='ocrx_word' id='word_1_355' title='bbox 477 1904 656 1937; x_wconf 81' lang='lat' dir='ltr'>.pronon1en</span> <span class='ocrx_word' id='word_1_356' title='bbox 680 1904 765 1930; x_wconf 76' lang='lat' dir='ltr'>edidit</span> <span class='ocrx_word' id='word_1_357' title='bbox 784 1904 888 1929; x_wconf 77' lang='lat' dir='ltr'>Daniel</span> <span class='ocrx_word' id='word_1_358' title='bbox 908 1904 917 1936; x_wconf 75' lang='grc' dir='ltr'>ΙΙ</span> <span class='ocrx_word' id='word_1_359' title='bbox 939 1907 953 1928; x_wconf 73' lang='grc'><strong>6</strong></span> <span class='ocrx_word' id='word_1_360' title='bbox 979 1903 1157 1929; x_wconf 78' lang='lat' dir='ltr'>manifestum</span> <span class='ocrx_word' id='word_1_361' title='bbox 1178 1904 1221 1930; x_wconf 81' lang='lat' dir='ltr'>est</span> <span class='ocrx_word' id='word_1_362' title='bbox 1240 1904 1313 1937; x_wconf 85' lang='lat' dir='ltr'>apud</span> <span class='ocrx_word' id='word_1_363' title='bbox 1334 1904 1437 1930; x_wconf 62' lang='lat' dir='ltr'>latinos</span> 
     </span>
     <span class='ocr_line' id='line_1_37' title="bbox 162 1923 1409 1973; baseline 0.001 -9"><span class='ocrx_word' id='word_1_364' title='bbox 162 1939 198 1964; x_wconf 82' lang='lat' dir='ltr'><strong><em>M</em></strong></span> <span class='ocrx_word' id='word_1_365' title='bbox 220 1940 228 1971; x_wconf 91' lang='grc' dir='ltr'>ΙΙ</span> <span class='ocrx_word' id='word_1_366' title='bbox 253 1942 266 1964; x_wconf 85' lang='lat'><strong>7</strong></span> <span class='ocrx_word' id='word_1_367' title='bbox 288 1939 348 1972; x_wconf 75' lang='lat' dir='ltr'>per]</span> <span class='ocrx_word' id='word_1_368' title='bbox 368 1938 442 1964; x_wconf 86' lang='lat' dir='ltr'>inter</span> <span class='ocrx_word' id='word_1_369' title='bbox 456 1923 482 1963; x_wconf 41' lang='grc' dir='ltr'><em>’.Ζ</em></span> <span class='ocrx_word' id='word_1_370' title='bbox 488 1940 497 1971; x_wconf 75' lang='grc' dir='ltr'>ΙΙ</span> <span class='ocrx_word' id='word_1_371' title='bbox 520 1942 535 1965; x_wconf 83' lang='grc'><strong>9</strong></span> <span class='ocrx_word' id='word_1_372' title='bbox 558 1949 643 1964; x_wconf 68' lang='lat' dir='ltr'>IONGA</span> <span class='ocrx_word' id='word_1_373' title='bbox 666 1960 692 1966; x_wconf 91' lang='lat'>..</span> <span class='ocrx_word' id='word_1_374' title='bbox 710 1960 714 1965; x_wconf 90' lang='lat'><em>.</em></span> <span class='ocrx_word' id='word_1_375' title='bbox 735 1939 861 1965; x_wconf 80' lang='lat' dir='ltr'>obeunda</span> <span class='ocrx_word' id='word_1_376' title='bbox 881 1940 966 1965; x_wconf 72' lang='lat' dir='ltr'>edi&#39;dzt</span> <span class='ocrx_word' id='word_1_377' title='bbox 984 1939 1087 1965; x_wconf 78' lang='lat' dir='ltr'>Damel</span> <span class='ocrx_word' id='word_1_378' title='bbox 1108 1940 1117 1972; x_wconf 83' lang='grc' dir='ltr'>ΙΙ</span> <span class='ocrx_word' id='word_1_379' title='bbox 1143 1942 1173 1965; x_wconf 79' lang='grc'>12</span> <span class='ocrx_word' id='word_1_380' title='bbox 1198 1940 1280 1973; x_wconf 80' lang='lat' dir='ltr'>quae]</span> <span class='ocrx_word' id='word_1_381' title='bbox 1302 1940 1366 1973; x_wconf 59' lang='lat' dir='ltr'>quit</span> <span class='ocrx_word' id='word_1_382' title='bbox 1386 1940 1409 1965; x_wconf 94' lang='lat' dir='ltr'><em>L</em></span> 
     </span>
     <span class='ocr_line' id='line_1_38' title="bbox 163 1974 1436 2008; baseline 0.001 -9"><span class='ocrx_word' id='word_1_383' title='bbox 163 1978 194 2000; x_wconf 78' lang='lat'>15</span> <span class='ocrx_word' id='word_1_384' title='bbox 215 1984 311 2000; x_wconf 79' lang='lat' dir='ltr'>ivmvs</span> <span class='ocrx_word' id='word_1_385' title='bbox 326 1974 350 1999; x_wconf 82' lang='grc' dir='ltr'><em>Ι</em></span> <span class='ocrx_word' id='word_1_386' title='bbox 370 1984 459 2000; x_wconf 74' lang='lat' dir='ltr'>mnus</span> <span class='ocrx_word' id='word_1_387' title='bbox 480 1975 531 2007; x_wconf 77' lang='grc' dir='ltr'>ΗΠ</span> <span class='ocrx_word' id='word_1_388' title='bbox 546 1984 631 2000; x_wconf 76' lang='lat' dir='ltr'>umus</span> <span class='ocrx_word' id='word_1_389' title='bbox 652 1974 684 1999; x_wconf 90' lang='lat' dir='ltr'><em>H</em></span> <span class='ocrx_word' id='word_1_390' title='bbox 700 1984 791 2000; x_wconf 72' lang='lat' dir='ltr'>TxBRIS</span> <span class='ocrx_word' id='word_1_391' title='bbox 813 1975 849 2000; x_wconf 85' lang='lat' dir='ltr'><em>M</em></span> <span class='ocrx_word' id='word_1_392' title='bbox 867 1975 897 2001; x_wconf 86' lang='lat' dir='ltr'>T.</span> <span class='ocrx_word' id='word_1_393' title='bbox 918 1975 941 1999; x_wconf 88' lang='grc' dir='ltr'><em>Ι</em></span> <span class='ocrx_word' id='word_1_394' title='bbox 961 1974 989 2000; x_wconf 87' lang='lat' dir='ltr'>id</span> <span class='ocrx_word' id='word_1_395' title='bbox 1010 1976 1052 2000; x_wconf 77' lang='lat' dir='ltr'>est</span> <span class='ocrx_word' id='word_1_396' title='bbox 1071 1975 1134 2001; x_wconf 77' lang='lat' dir='ltr'>add.</span> <span class='ocrx_word' id='word_1_397' title='bbox 1156 1975 1239 2000; x_wconf 71' lang='lat' dir='ltr'>ME!</span> <span class='ocrx_word' id='word_1_398' title='bbox 1253 1976 1262 2008; x_wconf 84' lang='grc' dir='ltr'>Η</span> <span class='ocrx_word' id='word_1_399' title='bbox 1276 1985 1320 2001; x_wconf 76' lang='lat' dir='ltr'>vm</span> <span class='ocrx_word' id='word_1_400' title='bbox 1341 1985 1436 2001; x_wconf 60' lang='lat' dir='ltr'>Linus</span> 
     </span>
     <span class='ocr_line' id='line_1_39' title="bbox 160 2009 1437 2043; baseline 0.002 -9"><span class='ocrx_word' id='word_1_401' title='bbox 160 2019 252 2035; x_wconf 65' lang='lat' dir='ltr'>umus</span> <span class='ocrx_word' id='word_1_402' title='bbox 273 2009 318 2042; x_wconf 90' lang='lat' dir='ltr'>qui</span> <span class='ocrx_word' id='word_1_403' title='bbox 339 2009 416 2042; x_wconf 86' lang='lat' dir='ltr'>(quia</span> <span class='ocrx_word' id='word_1_404' title='bbox 436 2010 517 2039; x_wconf 71' lang='lat' dir='ltr'>Leon)</span> <span class='ocrx_word' id='word_1_405' title='bbox 541 2018 591 2043; x_wconf 87' lang='lat' dir='ltr'>per</span> <span class='ocrx_word' id='word_1_406' title='bbox 615 2010 729 2043; x_wconf 77' lang='grc' dir='ltr'>Τ51111111</span> <span class='ocrx_word' id='word_1_407' title='bbox 755 2009 894 2042; x_wconf 74' lang='lat' dir='ltr'>(Tusciam</span> <span class='ocrx_word' id='word_1_408' title='bbox 918 2011 1026 2043; x_wconf 75' lang='lat' dir='ltr'>scripsi)</span> <span class='ocrx_word' id='word_1_409' title='bbox 1052 2010 1121 2036; x_wconf 83' lang='lat' dir='ltr'>fluit</span> <span class='ocrx_word' id='word_1_410' title='bbox 1159 2010 1222 2036; x_wconf 84' lang='lat' dir='ltr'>ideo</span> <span class='ocrx_word' id='word_1_411' title='bbox 1247 2011 1286 2036; x_wconf 88' lang='lat' dir='ltr'>sic</span> <span class='ocrx_word' id='word_1_412' title='bbox 1311 2011 1401 2036; x_wconf 84' lang='lat' dir='ltr'>dietus</span> <span class='ocrx_word' id='word_1_413' title='bbox 1421 2020 1437 2036; x_wconf 87' lang='lat' dir='ltr'>a</span> 
     </span>
     <span class='ocr_line' id='line_1_40' title="bbox 159 2045 1439 2080; baseline 0.002 -10"><span class='ocrx_word' id='word_1_414' title='bbox 159 2045 244 2071; x_wconf 83' lang='lat' dir='ltr'>fratre</span> <span class='ocrx_word' id='word_1_415' title='bbox 272 2045 406 2077; x_wconf 80' lang='lat' dir='ltr'>T··y11heni</span> <span class='ocrx_word' id='word_1_416' title='bbox 432 2045 516 2070; x_wconf 82' lang='lat' dir='ltr'>&#39;lusci</span> <span class='ocrx_word' id='word_1_417' title='bbox 541 2045 614 2071; x_wconf 90' lang='lat' dir='ltr'>enim</span> <span class='ocrx_word' id='word_1_418' title='bbox 640 2054 657 2071; x_wconf 85' lang='lat' dir='ltr'>a</span> <span class='ocrx_word' id='word_1_419' title='bbox 678 2046 718 2078; x_wconf 91' lang='lat' dir='ltr'>Ly</span> <span class='ocrx_word' id='word_1_420' title='bbox 720 2045 761 2071; x_wconf 83' lang='lat' dir='ltr'>dis</span> <span class='ocrx_word' id='word_1_421' title='bbox 785 2045 920 2078; x_wconf 84' lang='lat' dir='ltr'>originem</span> <span class='ocrx_word' id='word_1_422' title='bbox 944 2045 1055 2071; x_wconf 82' lang='lat' dir='ltr'>ducunt.</span> <span class='ocrx_word' id='word_1_423' title='bbox 1088 2054 1161 2072; x_wconf 87' lang='lat' dir='ltr'>nam</span> <span class='ocrx_word' id='word_1_424' title='bbox 1185 2046 1278 2079; x_wconf 66' lang='lat' dir='ltr'>Lydus</span> <span class='ocrx_word' id='word_1_425' title='bbox 1302 2054 1321 2072; x_wconf 85' lang='lat' dir='ltr'>e.</span> <span class='ocrx_word' id='word_1_426' title='bbox 1338 2056 1359 2080; x_wconf 80' lang='lat' dir='ltr'>q.</span> <span class='ocrx_word' id='word_1_427' title='bbox 1376 2054 1395 2073; x_wconf 92' lang='lat' dir='ltr'>s</span> <span class='ocrx_word' id='word_1_428' title='bbox 1417 2046 1439 2072; x_wconf 86' lang='lat' dir='ltr'><strong><em>C</em></strong></span> 
     </span>
     <span class='ocr_line' id='line_1_41' title="bbox 160 2080 1438 2115; baseline 0.002 -10"><span class='ocrx_word' id='word_1_429' title='bbox 160 2080 233 2112; x_wconf 89' lang='lat' dir='ltr'>(ideo</span> <span class='ocrx_word' id='word_1_430' title='bbox 253 2100 258 2105; x_wconf 88' lang='lat'><strong>.</strong></span> <span class='ocrx_word' id='word_1_431' title='bbox 276 2101 281 2105; x_wconf 90' lang='lat'><em>.</em></span> <span class='ocrx_word' id='word_1_432' title='bbox 299 2100 304 2105; x_wconf 90' lang='lat'><strong>.</strong></span> <span class='ocrx_word' id='word_1_433' title='bbox 324 2080 428 2106; x_wconf 79' lang='lat' dir='ltr'>ducunt</span> <span class='ocrx_word' id='word_1_434' title='bbox 446 2080 549 2106; x_wconf 80' lang='lat' dir='ltr'>Daniel</span> <span class='ocrx_word' id='word_1_435' title='bbox 572 2081 674 2114; x_wconf 80' lang='lat' dir='ltr'>edzdit).</span> <span class='ocrx_word' id='word_1_436' title='bbox 698 2082 707 2114; x_wconf 84' lang='grc' dir='ltr'>ΙΙ</span> <span class='ocrx_word' id='word_1_437' title='bbox 729 2081 813 2106; x_wconf 87' lang='lat' dir='ltr'>lidius</span> <span class='ocrx_word' id='word_1_438' title='bbox 832 2081 910 2106; x_wconf 84' lang='lat' dir='ltr'>LHe</span> <span class='ocrx_word' id='word_1_439' title='bbox 934 2081 1007 2106; x_wconf 87' lang='lat' dir='ltr'>lidus</span> <span class='ocrx_word' id='word_1_440' title='bbox 1027 2081 1056 2106; x_wconf 91' lang='lat' dir='ltr'><em>L</em></span> <span class='ocrx_word' id='word_1_441' title='bbox 1077 2082 1086 2114; x_wconf 75' lang='grc' dir='ltr'>ΙΙ</span> <span class='ocrx_word' id='word_1_442' title='bbox 1119 2085 1150 2107; x_wconf 84' lang='grc'>16</span> <span class='ocrx_word' id='word_1_443' title='bbox 1169 2081 1262 2114; x_wconf 65' lang='grc'>1510111</span> <span class='ocrx_word' id='word_1_444' title='bbox 1281 2082 1314 2107; x_wconf 89' lang='lat' dir='ltr'><em>H</em></span> <span class='ocrx_word' id='word_1_445' title='bbox 1334 2082 1438 2115; x_wconf 77' lang='lat' dir='ltr'>tyrreni</span> 
     </span>
    </p>
   </div>
   <div class='ocr_carea' id='block_1_7' title="bbox 159 2116 1437 2221">
    <p class='ocr_par' dir='ltr' id='par_1_10' title="bbox 159 2116 1437 2221">
     <span class='ocr_line' id='line_1_42' title="bbox 162 2116 1436 2150; baseline 0.001 -9"><span class='ocrx_word' id='word_1_446' title='bbox 162 2116 198 2141; x_wconf 82' lang='lat' dir='ltr'><strong><em>M</em></strong></span> <span class='ocrx_word' id='word_1_447' title='bbox 219 2116 228 2148; x_wconf 75' lang='lat' dir='ltr'>l}</span> <span class='ocrx_word' id='word_1_448' title='bbox 252 2116 344 2148; x_wconf 72' lang='lat' dir='ltr'>Lydus</span> <span class='ocrx_word' id='word_1_449' title='bbox 371 2137 377 2143; x_wconf 84' lang='lat'>.</span> <span class='ocrx_word' id='word_1_450' title='bbox 455 2116 551 2150; x_wconf 86' lang='lat' dir='ltr'>ferret]</span> <span class='ocrx_word' id='word_1_451' title='bbox 576 2116 648 2142; x_wconf 78' lang='lat' dir='ltr'>lidus</span> <span class='ocrx_word' id='word_1_452' title='bbox 673 2116 765 2148; x_wconf 82' lang='lat' dir='ltr'>(lidius</span> <span class='ocrx_word' id='word_1_453' title='bbox 789 2117 808 2148; x_wconf 90' lang='grc' dir='ltr'>Ζ)</span> <span class='ocrx_word' id='word_1_454' title='bbox 832 2117 861 2142; x_wconf 84' lang='lat' dir='ltr'>et</span> <span class='ocrx_word' id='word_1_455' title='bbox 883 2116 1031 2148; x_wconf 77' lang='lat' dir='ltr'>t··y11henus</span> <span class='ocrx_word' id='word_1_456' title='bbox 1056 2118 1099 2142; x_wconf 82' lang='lat' dir='ltr'>est</span> <span class='ocrx_word' id='word_1_457' title='bbox 1125 2117 1172 2150; x_wconf 85' lang='lat' dir='ltr'>qui</span> <span class='ocrx_word' id='word_1_458' title='bbox 1196 2125 1229 2143; x_wconf 80' lang='lat' dir='ltr'>ex</span> <span class='ocrx_word' id='word_1_459' title='bbox 1253 2126 1301 2143; x_wconf 85' lang='lat' dir='ltr'>suo</span> <span class='ocrx_word' id='word_1_460' title='bbox 1325 2117 1436 2143; x_wconf 89' lang='lat' dir='ltr'>nomine</span> 
     </span>
     <span class='ocr_line' id='line_1_43' title="bbox 159 2137 1436 2184; baseline 0.001 -8"><span class='ocrx_word' id='word_1_461' title='bbox 159 2152 252 2177; x_wconf 86' lang='lat' dir='ltr'>tuscos</span> <span class='ocrx_word' id='word_1_462' title='bbox 272 2154 397 2183; x_wconf 66' lang='lat' dir='ltr'>tyn-enos</span> <span class='ocrx_word' id='word_1_463' title='bbox 417 2137 530 2177; x_wconf 78' lang='lat' dir='ltr'>uocauit</span> <span class='ocrx_word' id='word_1_464' title='bbox 552 2151 635 2177; x_wconf 87' lang='lat' dir='ltr'>lidius</span> <span class='ocrx_word' id='word_1_465' title='bbox 659 2153 687 2178; x_wconf 87' lang='lat' dir='ltr'>et</span> <span class='ocrx_word' id='word_1_466' title='bbox 709 2153 834 2184; x_wconf 79' lang='lat' dir='ltr'>tyrrenos</span> <span class='ocrx_word' id='word_1_467' title='bbox 859 2152 994 2184; x_wconf 51' lang='lat' dir='ltr'>(tyr-renus</span> <span class='ocrx_word' id='word_1_468' title='bbox 1019 2152 1037 2184; x_wconf 92' lang='grc' dir='ltr'><em>Ζ)</em></span> <span class='ocrx_word' id='word_1_469' title='bbox 1060 2152 1163 2178; x_wconf 81' lang='lat' dir='ltr'>fratres</span> <span class='ocrx_word' id='word_1_470' title='bbox 1187 2152 1300 2178; x_wconf 86' lang='lat' dir='ltr'>fuerunt</span> <span class='ocrx_word' id='word_1_471' title='bbox 1324 2154 1353 2179; x_wconf 88' lang='lat' dir='ltr'>et</span> <span class='ocrx_word' id='word_1_472' title='bbox 1375 2161 1436 2178; x_wconf 88' lang='lat' dir='ltr'>cum</span> 
     </span>
     <span class='ocr_line' id='line_1_44' title="bbox 161 2187 1437 2221; baseline 0 -9"><span class='ocrx_word' id='word_1_473' title='bbox 161 2195 207 2213; x_wconf 81' lang='lat' dir='ltr'>eos</span> <span class='ocrx_word' id='word_1_474' title='bbox 232 2187 378 2220; x_wconf 83' lang='lat' dir='ltr'>prouincia</span> <span class='ocrx_word' id='word_1_475' title='bbox 402 2196 458 2212; x_wconf 85' lang='lat' dir='ltr'>una</span> <span class='ocrx_word' id='word_1_476' title='bbox 485 2196 540 2213; x_wconf 88' lang='lat' dir='ltr'>non</span> <span class='ocrx_word' id='word_1_477' title='bbox 564 2187 649 2213; x_wconf 84' lang='lat' dir='ltr'>ferret</span> <span class='ocrx_word' id='word_1_478' title='bbox 672 2187 698 2212; x_wconf 84' lang='lat' dir='ltr'><em>L</em></span> <span class='ocrx_word' id='word_1_479' title='bbox 722 2188 765 2220; x_wconf 89' lang='lat' dir='ltr'>(et</span> <span class='ocrx_word' id='word_1_480' title='bbox 787 2187 936 2219; x_wconf 52' lang='lat' dir='ltr'>tyrrhenus</span> <span class='ocrx_word' id='word_1_481' title='bbox 965 2207 970 2212; x_wconf 72' lang='grc'>,</span> <span class='ocrx_word' id='word_1_482' title='bbox 991 2209 996 2213; x_wconf 98' lang='grc'>.</span> <span class='ocrx_word' id='word_1_483' title='bbox 1019 2209 1023 2213; x_wconf 97' lang='grc'><em>.</em></span> <span class='ocrx_word' id='word_1_484' title='bbox 1053 2188 1166 2213; x_wconf 82' lang='lat' dir='ltr'>uocauit</span> <span class='ocrx_word' id='word_1_485' title='bbox 1189 2187 1272 2214; x_wconf 90' lang='lat' dir='ltr'>lidius</span> <span class='ocrx_word' id='word_1_486' title='bbox 1301 2191 1437 2221; x_wconf 66' lang='lat' dir='ltr'>eoepzmeta</span> 
     </span>
    </p>
   </div>
   <div class='ocr_carea' id='block_1_8' title="bbox 160 2222 1437 2292">
    <p class='ocr_par' dir='ltr' id='par_1_11' title="bbox 160 2222 1437 2292">
     <span class='ocr_line' id='line_1_45' title="bbox 160 2222 1436 2257; baseline -0.001 -9"><span class='ocrx_word' id='word_1_487' title='bbox 160 2223 233 2255; x_wconf 77' lang='lat' dir='ltr'>szmt)</span> <span class='ocrx_word' id='word_1_488' title='bbox 255 2223 263 2255; x_wconf 88' lang='grc' dir='ltr'>ΙΙ</span> <span class='ocrx_word' id='word_1_489' title='bbox 286 2222 359 2248; x_wconf 86' lang='lat' dir='ltr'>lidus</span> <span class='ocrx_word' id='word_1_490' title='bbox 379 2222 413 2248; x_wconf 88' lang='lat' dir='ltr'><strong><em>H</em></strong></span> <span class='ocrx_word' id='word_1_491' title='bbox 437 2222 520 2248; x_wconf 88' lang='lat' dir='ltr'>lidius</span> <span class='ocrx_word' id='word_1_492' title='bbox 542 2223 577 2248; x_wconf 80' lang='lat' dir='ltr'><em>M</em></span> <span class='ocrx_word' id='word_1_493' title='bbox 599 2223 607 2255; x_wconf 84' lang='grc' dir='ltr'>Ι]</span> <span class='ocrx_word' id='word_1_494' title='bbox 630 2223 757 2255; x_wconf 72' lang='lat' dir='ltr'>tyrrenus</span> <span class='ocrx_word' id='word_1_495' title='bbox 777 2223 850 2248; x_wconf 82' lang='lat' dir='ltr'>HM</span> <span class='ocrx_word' id='word_1_496' title='bbox 872 2223 880 2255; x_wconf 80' lang='grc' dir='ltr'>Η</span> <span class='ocrx_word' id='word_1_497' title='bbox 906 2225 936 2248; x_wconf 85' lang='grc'>17</span> <span class='ocrx_word' id='word_1_498' title='bbox 963 2223 1030 2256; x_wconf 86' lang='lat' dir='ltr'>una]</span> <span class='ocrx_word' id='word_1_499' title='bbox 1055 2223 1115 2249; x_wconf 84' lang='lat' dir='ltr'>tina</span> <span class='ocrx_word' id='word_1_500' title='bbox 1134 2224 1167 2249; x_wconf 90' lang='lat' dir='ltr'><em>H</em></span> <span class='ocrx_word' id='word_1_501' title='bbox 1187 2224 1196 2257; x_wconf 77' lang='grc' dir='ltr'>[Ι</span> <span class='ocrx_word' id='word_1_502' title='bbox 1218 2223 1315 2249; x_wconf 65' lang='lat' dir='ltr'>diuisis</span> <span class='ocrx_word' id='word_1_503' title='bbox 1341 2232 1373 2249; x_wconf 62' lang='lat' dir='ltr'>ear</span> <span class='ocrx_word' id='word_1_504' title='bbox 1397 2223 1436 2248; x_wconf 91' lang='lat' dir='ltr'>di-</span> 
     </span>
     <span class='ocr_line' id='line_1_46' title="bbox 160 2257 1437 2292; baseline 0.001 -10"><span class='ocrx_word' id='word_1_505' title='bbox 160 2257 232 2283; x_wconf 88' lang='lat' dir='ltr'>uinis</span> <span class='ocrx_word' id='word_1_506' title='bbox 251 2257 284 2283; x_wconf 90' lang='lat' dir='ltr'><em>H</em></span> <span class='ocrx_word' id='word_1_507' title='bbox 303 2259 312 2290; x_wconf 92' lang='grc' dir='ltr'>ΙΙ</span> <span class='ocrx_word' id='word_1_508' title='bbox 337 2260 368 2284; x_wconf 92' lang='grc'>18</span> <span class='ocrx_word' id='word_1_509' title='bbox 387 2267 457 2284; x_wconf 84' lang='lat' dir='ltr'>unus</span> <span class='ocrx_word' id='word_1_510' title='bbox 476 2258 655 2292; x_wconf 82' lang='lat' dir='ltr'>proficeretur</span> <span class='ocrx_word' id='word_1_511' title='bbox 674 2258 699 2283; x_wconf 93' lang='lat' dir='ltr'><em>L</em></span> <span class='ocrx_word' id='word_1_512' title='bbox 724 2257 955 2291; x_wconf 78' lang='lat' dir='ltr'>(proficisceretur</span> <span class='ocrx_word' id='word_1_513' title='bbox 975 2259 992 2285; x_wconf 84' lang='grc' dir='ltr'><em>Ζ)</em></span> <span class='ocrx_word' id='word_1_514' title='bbox 987 2259 1025 2291; x_wconf 84' lang='grc' dir='ltr'>)ΙΙ</span> <span class='ocrx_word' id='word_1_515' title='bbox 1048 2259 1175 2291; x_wconf 81' lang='lat' dir='ltr'>tyrrenus</span> <span class='ocrx_word' id='word_1_516' title='bbox 1194 2259 1298 2285; x_wconf 81' lang='lat' dir='ltr'>LHM</span> <span class='ocrx_word' id='word_1_517' title='bbox 1315 2261 1322 2275; x_wconf 48' lang='lat'>*³</span> <span class='ocrx_word' id='word_1_518' title='bbox 1343 2262 1374 2284; x_wconf 81' lang='lat'>19</span> <span class='ocrx_word' id='word_1_519' title='bbox 1395 2260 1437 2284; x_wconf 82' lang='lat' dir='ltr'>est</span> 
     </span>
    </p>
   </div>
   <div class='ocr_carea' id='block_1_9' title="bbox 160 2268 1436 2355">
    <p class='ocr_par' dir='ltr' id='par_1_12' title="bbox 160 2268 1436 2355">
     <span class='ocr_line' id='line_1_47' title="bbox 160 2268 1436 2355; baseline 0.001 -37"><span class='ocrx_word' id='word_1_520' title='bbox 160 2292 208 2325; x_wconf 89' lang='lat' dir='ltr'>qui</span> <span class='ocrx_word' id='word_1_521' title='bbox 228 2293 322 2355; x_wconf 49' lang='lat' dir='ltr'>on-zHL</span> <span class='ocrx_word' id='word_1_522' title='bbox 345 2295 353 2327; x_wconf 86' lang='grc' dir='ltr'>ΙΙ</span> <span class='ocrx_word' id='word_1_523' title='bbox 376 2295 502 2328; x_wconf 62' lang='grc'>1511131108</span> <span class='ocrx_word' id='word_1_524' title='bbox 522 2294 594 2319; x_wconf 81' lang='lat' dir='ltr'>HM</span> <span class='ocrx_word' id='word_1_525' title='bbox 616 2295 625 2328; x_wconf 81' lang='grc' dir='ltr'>ΙΙ</span> <span class='ocrx_word' id='word_1_526' title='bbox 648 2297 681 2320; x_wconf 71' lang='grc'>20</span> <span class='ocrx_word' id='word_1_527' title='bbox 701 2268 797 2320; x_wconf 66' lang='lat' dir='ltr'>lidllum</span> <span class='ocrx_word' id='word_1_528' title='bbox 818 2293 914 2318; x_wconf 82' lang='lat' dir='ltr'>LHE</span> <span class='ocrx_word' id='word_1_529' title='bbox 936 2294 945 2327; x_wconf 84' lang='grc' dir='ltr'>ΙΙ</span> <span class='ocrx_word' id='word_1_530' title='bbox 969 2296 1000 2319; x_wconf 77' lang='lat'>21</span> <span class='ocrx_word' id='word_1_531' title='bbox 1023 2303 1076 2320; x_wconf 72' lang='lat' dir='ltr'>mo</span> <span class='ocrx_word' id='word_1_532' title='bbox 1095 2304 1144 2320; x_wconf 76' lang='grc' dir='ltr'>ΤΟΥ</span> <span class='ocrx_word' id='word_1_533' title='bbox 1166 2304 1242 2321; x_wconf 67' lang='lat' dir='ltr'>orem</span> <span class='ocrx_word' id='word_1_534' title='bbox 1262 2294 1287 2319; x_wconf 93' lang='lat' dir='ltr'><em>L</em></span> <span class='ocrx_word' id='word_1_535' title='bbox 1314 2303 1363 2320; x_wconf 59' lang='lat' dir='ltr'>xmo</span> <span class='ocrx_word' id='word_1_536' title='bbox 1384 2303 1436 2323; x_wconf 61' lang='lat' dir='ltr'>ros:</span> 
     </span>
     <span class='ocr_line' id='line_1_48' title="bbox 161 2337 239 2354; baseline 0 0"><span class='ocrx_word' id='word_1_537' title='bbox 161 2337 239 2354; x_wconf 56' lang='lat' dir='ltr'>onom</span> 
     </span>
    </p>
   </div>
   <div class='ocr_carea' id='block_1_10' title="bbox 1458 676 1489 698">
    <p class='ocr_par' dir='ltr' id='par_1_13' title="bbox 1458 676 1489 698">
     <span class='ocr_line' id='line_1_49' title="bbox 1458 676 1489 698; baseline -0.032 0"><span class='ocrx_word' id='word_1_538' title='bbox 1458 676 1468 698; x_wconf 85' lang='lat'>1</span> <span class='ocrx_word' id='word_1_539' title='bbox 1474 676 1489 697; x_wconf 50' lang='lat'>(⁷)</span> 
     </span>
    </p>
   </div>
   <div class='ocr_carea' id='block_1_11' title="bbox 1458 944 1490 966">
    <p class='ocr_par' dir='ltr' id='par_1_14' title="bbox 1458 944 1490 966">
     <span class='ocr_line' id='line_1_50' title="bbox 1458 944 1490 966; baseline 0 0"><span class='ocrx_word' id='word_1_540' title='bbox 1458 944 1490 966; x_wconf 85' lang='lat'>15</span> 
     </span>
    </p>
   </div>
  </div>
 </body>
</html>
