1690 2611
699 98 916 125 PRAEFATIO.
1368 98 1440 123 LXV

168 190 240 211 cum
263 191 328 211 11011
352 180 456 211 50111111
481 191 500 210 a
523 178 685 211 Servianis
704 178 924 210 Floriacensia
943 180 1162 220 separaverint
1183 180 1237 211 sed
1261 180 1357 211 etiam
1377 191 1442 211 non

167 233 267 264 nullis
295 232 375 264 locis
405 232 520 273 quibus
549 232 628 263 haec
652 232 723 273 ipsa
754 243 792 263 ex
823 232 960 263 diversis
993 233 1125 263 scholiis
1159 234 1339 274 composita
1368 234 1443 264 sunt

170 286 314 328 singulas
339 288 448 327 partes
473 287 558 317 recte
582 286 666 316 inter
690 296 723 316 se
748 285 1003 326 discreverint1),
1027 287 1094 316 veri
1115 297 1177 316 non
1202 287 1328 318 videtur
1353 287 1443 318 dissi-

169 339 246 371 mile
278 342 334 370 aut
366 339 528 380 exemplar
559 349 612 370 eos
643 338 795 369 habuisse
824 339 857 369 111
888 349 950 380 quo
980 339 1064 369 inter
1093 339 1219 370 diversa
1247 340 1371 371 scholia
1400 340 1444 370 di—

170 392 324 424 stinctum
358 395 443 424 esset
477 394 533 423 aut
564 394 648 423 certe
681 393 786 423 aetate
823 403 932 423 eorum
964 392 1002 422 de
1036 392 1189 433 plenioris
1221 393 1443 424 commentarii

170 447 295 488 origine
319 448 351 477 et
373 446 499 478 ratione
522 445 748 476 testimonium
777 445 908 486 aliquod
940 444 1134 486 extitisseff),
1163 448 1199 476 ut
1227 457 1292 477 non
1322 446 1443 477 dubita-

169 501 242 531 rent
267 500 343 540 quin
368 499 547 530 dissuentes
580 509 661 539 quae
693 499 733 529 ab
765 498 853 529 illius
882 499 1107 530 commentarii
1136 501 1265 530 auctore
1295 500 1444 530 contexta

171 555 279 585 essent
307 553 480 594 genuinam
509 551 704 583 scholiorum
738 551 876 583 formam
907 554 1140 593 recuperarent.
1183 551 1237 582 sed
1266 554 1338 582 utut
1366 552 1444 583 haec

170 618 221 637 res
247 617 280 638 se
302 606 403 637 habet
429 605 508 636 illud
537 607 679 645 constat,
709 605 736 636 si
766 605 835 646 quis
865 606 988 637 scholia
1012 605 1183 636 Danielino
1213 606 1444 637 commentario

170 659 403 701 comprehensa
426 659 602 690 dissolvere
632 659 775 690 animum
800 658 961 690 induxerit
990 659 1018 690 ei
1047 659 1121 690 illos
1147 659 1201 699 qui
1226 659 1445 690 Turonensem

172 713 407 744 adnotaverunt
431 712 526 743 duces
555 714 587 743 et
616 714 764 743 auctores
795 723 863 743 esse
887 723 990 753 posse.
1039 723 1234 754 quamquam
1263 713 1445 753 vituperan-

172 766 247 797 dum
267 767 317 797 est
341 765 426 807 quod
449 777 515 797 non
543 765 651 796 nullas
681 766 836 806 plenioris
866 766 1058 807 exemplaris
1088 766 1264 807 scripturas
1294 767 1350 796 aut
1379 765 1446 796 sine

171 819 285 851 idonea
308 830 405 850 causa
428 818 667 861 mutam-unffi)
694 821 749 850 aut
774 819 872 850 etiam
896 817 1148 860 corruperunt&

260 872 394 904 Praeter
422 872 481 904 hos
511 872 612 904 libros
642 873 758 914 quibus
784 873 899 904 Daniel
923 873 963 904 ad
988 884 1079 903 suum
1104 873 1267 914 exemplar
1292 872 1447 904 adornan-

172 926 247 957 dum
278 937 354 957 usus
386 927 435 957 est
466 925 527 957 duo
557 926 828 957 commemorandi
857 929 945 967 sunt,
975 926 1210 957 Ambrosianus
1241 926 1270 957 S.
1296 926 1337 957 83
1366 928 1447 967 part.

173 991 242 1021 sup.
266 982 298 1010 et
322 979 487 1010 Parisinus
514 979 607 1011 7930.
650 980 705 1011 ille
730 980 917 1011 chartaceus
949 981 997 1010 est
1027 980 1145 1011 saeculi
1174 979 1260 1011 XVI.
1303 982 1335 1011 et
1364 980 1448 1010 inter

172 1035 356 1064 commenta
386 1033 542 1074 quaedam
577 1033 616 1064 ad
652 1033 898 1064 mathematicas
931 1033 1119 1074 disciplinas
1151 1033 1349 1074 pertinentia
1380 1032 1448 1064 ‘ex-

172 1088 282 1127 cerpta
306 1097 343 1117 ex
369 1086 494 1118 schedis
520 1085 624 1117 Servii
648 1086 794 1118 ineditis'
825 1087 975 1118 continet.
1019 1088 1094 1118 511111
1122 1089 1231 1118 autem
1261 1098 1298 1118 ex
1327 1086 1449 1118 Floria-

172 1140 259 1170 censi
284 1141 316 1171 et
345 1139 524 1171 Turonensi
554 1140 592 1171 ad
622 1140 700 1171 Aen.
727 1140 775 1171 111
801 1142 833 1171 et
856 1140 902 1171 IV
933 1140 1057 1171 scholia
1085 1140 1242 1181 quaedam
1267 1141 1382 1182 quibus
1412 1141 1449 1172 de

173 1193 422 1234 antiquitatibus
446 1193 558 1234 populi
582 1193 721 1225 Romani
751 1194 860 1235 agitur
889 1194 1051 1235 exscripta
1080 1196 1111 1224 et
1141 1194 1187 1225 ita
1212 1194 1384 1236 disposita,
1413 1196 1450 1225 ut

172 1257 253 1287 quae
278 1245 331 1277 ‘de
352 1247 502 1287 augurali
527 1247 711 1288 disciplina,
736 1247 773 1278 de
801 1248 913 1287 sacris,
939 1247 977 1278 de
1002 1247 1139 1288 nuptiis,
1163 1247 1202 1278 de
1226 1248 1394 1279 funeribus
1419 1250 1451 1278 et

173 1300 329 1341 exequiis,
359 1300 395 1330 de
425 1300 496 1331 aliis
521 1300 617 1331 rebus
641 1300 759 1331 diversi
784 1301 924 1342 generis,
953 1300 990 1331 (16
1019 1300 1086 1331 iure
1110 1301 1277 1341 pontificio
1308 1303 1339 1332 et
1368 1311 1450 1332 cere-

173 1353 290 1384 moniis
315 1353 452 1384 flaminis
478 1353 588 1384 dialis'
618 1354 651 1385 in
682 1354 920 1385 commentariis
950 1354 1016 1385 illis
1046 1354 1201 1385 adnotata
1228 1357 1335 1386 essent
1364 1354 1450 1385 colli-

174 1408 334 1447 gerentur.
376 1406 531 1437 accedunt
562 1406 760 1448 ‘fragmenta
792 1409 936 1438 veterum
957 1418 973 1438 e
995 1406 1098 1438 Servii
1123 1407 1281 1448 schedis',
1305 1419 1387 1449 quae
1413 1419 1450 1438 ex

174 1459 321 1490 Parisino
349 1460 433 1490 1750
458 1460 497 1490 ad
518 1460 658 1501 primum
683 1462 714 1490 et
739 1460 922 1501 secundum,
950 1471 966 1491 e
995 1459 1192 1492 Floriacensi
1217 1462 1248 1491 et
1272 1461 1450 1492 Turonensi

175 1513 215 1544 ad
246 1513 386 1554 reliquos
419 1514 570 1544 Aeneidis
602 1514 703 1545 libros
734 1514 926 1555 deprompta
958 1516 1040 1544 sunt.
1082 1525 1145 1555 quo
1176 1516 1321 1555 tempore
1352 1514 1450 1545 codex

173 1566 312 1607 scriptus
339 1566 381 1597 sit
405 1566 478 1597 inde
503 1567 711 1608 cognoscitur
736 1566 821 1608 quod
840 1578 942 1607 neque
959 1566 1127 1598 Fuldensis
1153 1567 1249 1608 liber,
1273 1578 1366 1609 quem
1387 1567 1449 1598 Da-

173 1619 237 1650 niel
262 1619 388 1650 circiter
413 1631 496 1650 anno
524 1620 606 1651 1597
633 1632 652 1651 a
677 1620 828 1661 Scioppio
855 1620 1021 1651 conlatum
1047 1620 1185 1661 accepit,
1214 1621 1378 1652 adhibitus
1403 1623 1451 1651 est

175 1675 207 1704 61
231 1673 434 1704 coniecturae
459 1673 616 1714 quaedam
641 1675 789 1714 receptae
820 1676 893 1704 sunt
922 1684 1003 1714 quas
1028 1673 1144 1704 Petrus
1168 1673 1322 1705 Pithoeus
1348 1676 1380 1704 et
1403 1673 1451 1704 Io-

175 1725 293 1766 sephus
318 1725 463 1768 Scaliger
487 1725 696 1767 ediderantfi)
736 1725 868 1756 omnino
889 1725 916 1756 is
941 1726 994 1767 qui
1015 1726 1157 1757 codicem
1178 1727 1321 1758 exaravit
1345 1737 1450 1758 emen-

176 1779 289 1809 dandis
315 1779 359 1810 eis
384 1790 465 1820 quae
490 1791 506 1810 e
531 1779 676 1810 Danielis
702 1779 802 1819 copiis
827 1779 989 1818 petiverat
1013 1790 1145 1820 operam
1170 1780 1264 1811 dedit.

264 1832 428 1864 Parisinus
454 1833 539 1864 7930
569 1832 696 1864 saeculo
726 1832 895 1863 undecimo
925 1833 957 1863 in
986 1833 1183 1864 membranis
1212 1834 1349 1875 scriptus
1374 1832 1451 1863 Ver-

268 1961 294 1993 1)
314 1959 348 1985 cf.
368 1958 492 1985 adnotat.
517 1959 577 1985 crit.
603 1959 637 1985 ad
658 1959 696 1985 III
716 1962 768 1986 246
788 1961 824 1993 (p.
844 1962 908 1993 385,
930 1962 968 1993 1),
993 1960 1040 1986 ubi
1064 1961 1112 1986 hoc
1136 1964 1172 1988 est
1193 1982 1198 1987 .
1215 1982 1220 1987 ,
1237 1982 1241 1986 .
1263 1962 1292 1987 id
1315 1963 1352 1987 est
1376 1960 1452 1986 nobis

178 1998 346 2025 Turonensis
367 1999 484 2031 omitum
504 1999 543 2024 ΙΙΙ
563 2001 614 2025 279
636 2001 672 2033 (p.
688 2003 748 2031 390,
770 2002 801 2025 18
821 2000 850 2025 et
869 2001 926 2033 22),
943 2000 981 2025 III
1001 2003 1052 2026 537
1072 2003 1107 2034 (p.
1129 2004 1188 2033 433,
1211 2003 1265 2033 15);
1286 2000 1324 2026 IV
1346 2004 1394 2026 152
1415 2001 1451 2033 (p.

177 2042 237 2071 491,
258 2040 299 2072 5);
319 2038 357 2064 IV
379 2042 428 2064 176
448 2040 483 2072 (p.
500 2042 560 2072 494,
578 2042 608 2065 16
625 2041 709 2072 sqq.);
729 2039 767 2065 IV
788 2041 838 2065 185
859 2040 896 2073 (p.
913 2042 972 2071 496,
991 2042 1045 2072 12²),
1067 2040 1102 2065 IV
1123 2044 1174 2066 ‘253
1195 2042 1231 2074 (p.
1247 2043 1307 2073 513,
1323 2043 1357 2066 24
1369 2041 1452 2073 sqq.);

178 2078 216 2104 lV
235 2081 286 2104 327
307 2079 342 2111 (p.
365 2081 423 2109 522,
445 2081 479 2111 9).
617 2081 642 2110 2)
663 2079 686 2105 si
706 2087 739 2105 ex
762 2079 812 2105 illo
839 2079 945 2105 scholio
966 2079 1038 2112 quod
1059 2089 1084 2113 p.
1106 2080 1155 2106 XV
1176 2080 1269 2106 adnot.
1288 2083 1300 2105 1
1318 2079 1452 2112 adscripsi

177 2119 253 2144 recte
274 2118 449 2144 concluditur
478 2117 551 2144 Aelii
570 2118 673 2144 Donati
701 2119 930 2145 commentarium
956 2119 1030 2153 apud
1050 2120 1223 2146 Turonenses
1253 2120 1390 2150 extitisse,
1420 2126 1451 2144 eo

179 2159 329 2192 conparato
349 2158 522 2184 intellectum
547 2166 607 2184 esse
632 2157 753 2184 conicias
774 2167 846 2192 quae
866 2160 939 2185 esset
958 2158 1091 2193 plenioris
1116 2159 1310 2186 commentarii
1334 2158 1404 2184 ratio
1425 2159 1452 2184 et

179 2197 352 2232 compositio.
463 2200 490 2232 3)
510 2198 543 2224 cf.
560 2197 654 2224 adnot.
675 2197 735 2224 crit.
756 2198 791 2224 ad
811 2198 849 2224 ΙΙΙ
869 2202 902 2225 53
923 2201 960 2232 (p.
980 2201 1040 2232 345,
1060 2200 1118 2233 20),
1139 2202 1188 2225 108
1209 2201 1245 2232 (p.
1266 2202 1325 2229 361,
1346 2201 1379 2231 9),
1402 2200 1450 2222 178

179 2240 215 2272 (p.
237 2241 296 2270 375,
317 2240 374 2271 27),
395 2241 445 2264 279
466 2240 503 2272 (p.
524 2241 584 2271 391,
604 2239 639 2271 3).
748 2240 775 2271 4)
795 2237 828 2264 cf.
850 2238 943 2266 adnot.
964 2238 1023 2264 crit.
1044 2238 1087 2264 ad.
1108 2238 1147 2264 ΙΙΙ
1166 2242 1181 2265 3
1202 2240 1238 2272 (p.
1258 2241 1318 2270 334,
1339 2240 1352 2262 2
1374 2238 1402 2262 61
1416 2237 1451 2268 8),

180 2280 229 2304 108
249 2280 285 2312 (p.
306 2281 366 2310 301,
388 2280 426 2311 τ),
448 2281 498 2304 125
519 2280 555 2311 (p.
576 2280 636 2310 366,
657 2279 696 2311 5),
721 2273 770 2304 ‘183
797 2279 833 2312 (p.
853 2282 913 2311 376,
936 2281 991 2312 13),
1011 2282 1062 2305 246
1089 2280 1124 2312 (p.
1145 2282 1205 2312 385,
1225 2280 1261 2311 3).
1370 2278 1396 2309 5)
1417 2276 1451 2301 cf.

177 2317 245 2344 Aen.
265 2317 304 2344 IV
325 2320 373 2343 103
394 2327 430 2352 gp.
451 2320 511 2349 482,
534 2318 589 2351 16);
609 2317 676 2343 Aen.
697 2317 735 2343 IV
755 2320 806 2343 244
826 2320 863 2352 (p.
885 2321 944 2351 509,
965 2321 1000 2353 8).

1204 2362 1239 2388 e*

1463 873 1593 892 Ambrosia-

1502 906 1552 919 nus.

1475 1834 1589 1853 Parisinus

1502 1861 1562 1880 7930.
