1690 2611
659 101 872 128 PRAEFATIO.
1314 104 1399 130 LXIII

129 183 299 225 dignitatis
326 186 413 225 sunt,
438 186 474 215 ut
497 195 563 215 non
581 183 751 214 videantur
766 194 804 214 ex
820 183 951 224 antiquo
968 184 1198 216 commentario
1215 185 1404 226 deprompta

129 247 208 268 esse.
217 235 241 278 ¹)
275 237 373 268 ceteri
397 237 502 268 tribus
527 237 663 268 maxime
684 235 839 267 subsidiis
859 236 893 266 in
913 237 1020 268 codice
1041 238 1222 270 adnotando
1247 239 1296 269 usi
1316 241 1404 270 sunt:

129 289 251 320 Tiberii
276 289 397 321 Donati
421 289 610 321 commentis
632 300 692 335 *per
716 290 820 319 totam
845 289 1034 330 Aeneidem,
1060 291 1131 321 inde
1157 303 1174 322 a
1199 292 1295 323 tertio
1320 293 1404 324 libro

129 343 176 374 eis
197 343 329 374 scholiis
354 354 435 384 quae
454 343 571 374 Daniel
601 342 723 383 primus
754 342 866 382 edidit,
896 343 1031 384 denique
1061 345 1169 384 paucis
1199 345 1277 376 locis
1303 345 1404 376 Servii

130 397 371 428 commentario.
415 407 496 437 quae
521 407 540 427 a
563 395 692 427 Donato
718 397 750 426 et
774 394 883 426 Servio
914 396 1097 436 petiverunt
1121 409 1185 428 non
1210 399 1318 430 curavi
1342 399 1404 430 nisi

131 461 203 481 011111
228 449 410 481 Danielinis
441 449 571 480 scholiis
601 449 773 480 coniuncta
802 451 902 480 erant.
941 450 1018 480 item
1048 451 1176 482 inutilia
1206 452 1404 492 singulorum

131 503 301 534 verborum
332 503 383 534 vel
413 502 613 534 locutionum
648 503 937 543 interpretamenta
963 503 1149 545 plerumque
1174 506 1267 535 omisi
1289 506 1405 546 quippe

133 567 214 597 quae
244 556 390 587 homines
422 556 469 587 illi
501 567 538 587 ex
570 556 635 587 suis
667 556 805 596 ingeniis
838 556 995 587 addidisse
1026 557 1205 588 videantur.
1246 569 1407 599 perpauca

135 620 216 650 quae
242 621 257 640 e
281 609 457 650 Fulgentii,
480 609 652 650 Macrobii,
676 609 793 640 Isidori
817 609 908 640 libris
934 610 1172 651 exscripserunt
1197 610 1321 651 edidi.2)
1359 623 1406 643 08-

136 664 242 693 terum
265 673 367 703 neque
399 673 478 702 opus
510 662 679 693 videbatur
711 673 792 703 quae
824 663 864 693 ab
896 662 947 694 his
981 663 1103 704 scripta
1135 666 1210 695 sunt
1239 665 1271 695 in
1296 665 1408 696 critica

134 715 343 747 adnotatione
366 715 450 746 inter
480 726 513 746 38
542 715 722 747 discernere
746 727 849 757 neque
879 717 1027 748 omnibus
1057 717 1136 748 locis
1170 729 1262 749 suum
1292 719 1406 759 cuique

134 768 234 799 tribui
258 770 395 809 poterat.
437 780 512 800 nam
533 770 569 800 ut
593 769 660 800 eius
685 780 799 800 manus
824 770 877 811 qui
893 771 1065 802 novissime
1086 771 1242 812 omnium,
1266 774 1299 803 ut
1325 772 1406 802 vide-

133 823 198 862 tur,
222 822 295 853 inde
320 833 338 853 a
363 824 478 863 quarto
508 822 592 854 libro
622 834 688 854 11011
716 823 805 854 nulla
834 823 1013 863 pleniorum
1042 824 1195 856 librorum
1226 825 1347 856 scholia
1375 825 1407 855 in

134 875 350 917 marginibus,
374 886 439 906 11011
462 876 547 907 inter
571 887 682 907 versus
703 876 888 917 adscripsit,
913 888 932 908 a
956 877 1088 918 reliquis
1109 878 1230 919 differt,
1254 878 1301 909 ita
1324 879 1408 909 inter

130 927 190 959 hos
214 929 302 970 ipsos
327 939 392 960 11011
416 940 453 960 ea
477 931 526 960 est
549 929 733 960 litterarum
759 931 790 960 et
821 930 982 961 scribendi
1008 931 1246 962 consuetudinis
1272 931 1408 962 dissimi-

131 981 248 1022 litudo,
272 982 308 1012 ut
332 992 350 1012 a
374 992 437 1022 quo
470 982 617 1023 quodque
649 981 807 1013 scholium
839 983 995 1023 scriptum
1020 984 1063 1014 sit
1094 996 1219 1025 semper
1250 987 1337 1016 certo
1362 985 1407 1016 di-

133 1035 245 1075 gnosci
278 1035 391 1075 possit.
438 1035 472 1066 in
503 1035 628 1066 schedis
660 1035 740 1066 meis
773 1036 876 1076 quoad
909 1036 978 1067 fieri
1009 1039 1138 1078 poterat
1169 1038 1311 1070 diversas
1343 1049 1408 1070 ma-

133 1099 193 1119 nus
219 1087 360 1119 distinxi.

221 1140 302 1172 Cum
326 1141 444 1172 librum
475 1153 559 1173 anno
588 1142 671 1173 1876
696 1142 731 1173 in
760 1141 915 1173 Bernensi
945 1143 1142 1176 bibliotheca
1170 1147 1310 1177 tractare
1340 1156 1408 1176 008-

132 1195 252 1235 pissem
287 1195 457 1235 sperabam
491 1206 528 1226 ea
566 1206 646 1236 quae
685 1195 723 1225 de
762 1195 916 1235 plenioris
957 1198 1180 1229 commentarii
1220 1199 1344 1240 origine
1378 1201 1409 1229 et

133 1248 363 1289 compositione
387 1248 551 1280 invenisse
578 1249 711 1280 videbar
735 1248 802 1279 eius
823 1250 1015 1281 auctoritate
1036 1251 1164 1293 egregie
1184 1252 1409 1283 confirmatum

133 1301 182 1332 iri.
226 1301 379 1333 additieia
405 1302 491 1333 enim
517 1302 639 1333 scholia
663 1301 853 1342 plerumque
878 1302 944 1333 sine
970 1302 1132 1335 Servianis
1158 1305 1275 1345 scripta
1303 1305 1409 1345 eisque

133 1365 198 1386 non
228 1354 326 1385 nullis
356 1355 435 1386 locis
467 1357 577 1396 aperte
605 1357 771 1395 tamquam
804 1355 908 1386 aliena
940 1357 1088 1397 opposita
1120 1369 1188 1389 esse
1221 1356 1408 1399 videbam.³)

134 1485 236 1512 dicitur
256 1486 288 1511 de
308 1485 442 1520 polifemo
462 1487 621 1513 fabulosum
641 1488 683 1512 est
704 1485 814 1515 Veritas
838 1488 930 1512 tamen
956 1487 1041 1514 habet
1065 1489 1226 1522 polifemum
1253 1489 1410 1523 prudentis-

137 1525 236 1551 simum
257 1525 341 1552 fuisse
362 1534 444 1559 quem
463 1526 552 1552 ulixes
579 1534 628 1551 sua
648 1525 752 1551 astutia
777 1526 917 1559 superavit
937 1527 1028 1554 Vnum
1053 1530 1146 1555 autem
1174 1529 1284 1555 oculum
1309 1529 1411 1555 dicitur

135 1564 267 1597 habuisse
287 1565 315 1590 in
335 1565 426 1592 fronte
446 1567 560 1600 propter
578 1565 756 1599 prudentiam
777 1574 859 1598 quam
875 1567 997 1593 habebat
1016 1577 1080 1594 nam
1101 1569 1180 1595 sedes
1200 1568 1363 1602 prudentiae
1383 1568 1410 1594 in

135 1604 247 1631 cerebro
268 1605 371 1631 dicitur
390 1607 473 1632 esse'.
550 1608 575 1638 1)
595 1606 628 1631 cf.
650 1605 685 1630 ad
705 1605 772 1631 Aen.
793 1606 831 1631 III
853 1610 901 1632 1⁶25
929 1607 1039 1633 ‘Naxon
1063 1609 1155 1635 insula
1170 1611 1212 1634 est
1235 1608 1322 1634 libero
1347 1616 1423 1634 cou-v

136 1646 244 1671 secrata
263 1644 345 1671 olivis
365 1645 530 1672 habundans
551 1645 622 1671 unde
643 1646 672 1670 et
690 1645 791 1671 bacam
811 1645 914 1672 dicitur
932 1647 1020 1683 bache
1041 1669 1046 1674 .
1064 1671 1069 1675 .
1089 1649 1195 1675 fructus
1215 1648 1361 1674 olivarum’
1384 1650 1412 1673 et

137 1683 253 1710 ‘Donisa
273 1705 278 1710 .
299 1686 341 1710 est
360 1685 467 1711 insulae
486 1684 583 1711 viridis
604 1687 695 1710 autem
717 1684 819 1711 dicitur
838 1688 952 1720 propter
971 1688 1059 1713 olivas
1075 1688 1178 1715 virides
1195 1709 1288 1715 .....
1305 1687 1411 1722 species

136 1723 273 1750 olivarum
297 1723 416 1752 viridis'.
455 1725 491 1751 ad
515 1725 553 1751 ΠΙ
579 1727 629 1750 282
657 1724 743 1750 ‘Nudi
768 1725 921 1758 palestram
945 1727 1111 1754 exercebant
1131 1749 1135 1753 .
1157 1749 1162 1754 .
1182 1727 1277 1754 vestiti
1298 1749 1304 1755 .
1325 1728 1411 1762 impe-

137 1763 260 1790 direntur
285 1765 313 1789 et
335 1764 446 1791 facilius
471 1764 646 1790 deicerentur
666 1763 848 1797 Vngebantur
877 1768 1016 1792 ceromate
1037 1766 1153 1794 Ceroma
1178 1769 1271 1793 autem
1297 1769 1341 1793 est
1364 1777 1412 1793 un-

137 1805 270 1837 guentum
290 1812 322 1830 ex
342 1804 403 1830 oleo
424 1813 477 1839 qno
498 1805 623 1831 membra
641 1804 811 1830 athletarum
831 1805 1026 1839 ungebantur'.
1137 1810 1163 1840 2)
1184 1808 1217 1834 cf.
1238 1807 1331 1833 adnot.
1353 1807 1412 1833 crit.

138 1843 174 1868 ad
193 1843 232 1868 III
252 1846 294 1876 66,
314 1846 377 1876 212;
405 1845 426 1870 V
447 1848 505 1872 458.
544 1852 615 1878 quae
640 1844 718 1871 codd.
743 1841 842 1870 Isidori
862 1845 996 1871 ecclesiae
1017 1846 1169 1872 Toletanae
1189 1847 1224 1872 ad
1244 1846 1312 1880 orig.
1333 1846 1369 1872 IV
1390 1850 1414 1879 7,

139 1886 173 1908 34
192 1882 360 1909 addiderunt
382 1884 426 1915 (cf.
447 1885 529 1911 Peter
552 1884 649 1910 histor.
669 1884 785 1910 Roman.
812 1885 871 1910 rell.
892 1894 918 1918 p.
939 1887 963 1917 5}
989 1885 1017 1911 in
1037 1885 1191 1913 Turonensi
1216 1886 1252 1912 ad
1276 1888 1342 1912 Aen.
1363 1886 1413 1912 VII

140 1926 190 1948 803
211 1922 250 1948 310
269 1922 411 1956 adscripta
430 1926 494 1951 sunt
515 1923 640 1958 ‘quidam
659 1924 770 1950 uolseos
790 1924 905 1950 tradunt
929 1926 1086 1959 appellatos
1106 1935 1122 1952 a
1142 1927 1239 1952 uolsco
1259 1926 1414 1952 antifatelis

139 1962 258 1996 trigonis
277 1962 344 1989 filio.
373 1962 465 1989 fabius
485 1964 590 1990 colchis
614 1965 755 1998 profectos
779 1966 909 1998 corrupto
928 1965 1039 1992 nomine
1060 1974 1157 1992 uoscos
1177 1966 1333 2000 appellatos
1353 1966 1414 1992 ait'.

211 2004 236 2035 3)
253 2002 286 2028 cf.
298 2001 390 2028 adnot.
411 2003 470 2029 crit.
491 2004 525 2029 ad
538 2005 723 2037 Aen.111537,
745 2007 804 2030 552.
833 2004 871 2030 IV
883 2007 942 2037 521,
963 2009 1022 2032 694.
1054 2007 1075 2032 V
1087 2010 1128 2032 30.
1163 2006 1197 2032 ad
1217 2005 1254 2031 XI
1275 2009 1324 2032 741
1345 2005 1414 2031 haec

140 2042 170 2068 in
190 2041 344 2068 Turonensi
371 2042 505 2069 adnotata
528 2046 604 2070 sunt:
635 2044 756 2077 ‘praeter
782 2043 929 2070 historiam
955 2044 1032 2071 illam
1059 2054 1141 2080 quam
1166 2046 1200 2071 de
1226 2046 1342 2072 Caesare
1362 2046 1414 2071 hoc·

141 2083 203 2108 loco
227 2084 363 2109 memorat
386 2082 497 2109 Servius
522 2083 607 2109 aliam
631 2083 716 2109 etiam
740 2083 897 2110 invenimus
923 2092 955 2110 ex
980 2094 1034 2118 qua
1058 2085 1272 2111 similitudinem
1297 2085 1416 2119 sumpsit

140 2122 285 2156 Virgilius.
324 2123 412 2148 Varro
432 2122 506 2148 enim
526 2130 588 2148 011111
607 2122 641 2148 de
665 2131 714 2149 suo
735 2122 901 2157 cognomine
921 2124 1078 2158 disputaret
1093 2124 1144 2151 ait’
1167 2134 1190 2151 e.
1210 2134 1235 2159 q.
1256 2134 1276 2151 3.
1311 2125 1345 2151 ad
1365 2125 1415 2150 XII

143 2165 193 2188 118
216 2162 386 2188 ‘communes
407 2162 446 2188 dii
466 2163 577 2196 praeter
600 2162 653 2188 hoc
680 2163 754 2196 quod
779 2162 889 2189 Servius
918 2163 1060 2199 intellegit
1088 2167 1204 2199 possunt
1232 2165 1323 2198 accipi
1347 2173 1415 2198 (11103

142 2202 327 2229 communiter
346 2202 503 2229 invocaturi
523 2202 610 2228 erant.
649 2203 698 2228 ant
725 2202 940 2229 ‘communibus'
968 2203 1108 2231 amicitiae
1137 2206 1165 2231 et
1190 2205 1333 2231 foederis'.
1354 2204 1416 2230 aliis

142 2242 211 2268 locis
231 2242 324 2275 siquid
343 2250 358 2268 e
376 2241 504 2268 breviore
524 2240 724 2268 commentario
745 2241 916 2275 adscriptum
935 2244 978 2269 est
996 2243 1026 2269 id
1045 2245 1140 2278 aperte
1161 2243 1256 2270 Servio
1276 2243 1416 2276 tribuitur,

142 2282 231 2309 veluti
251 2282 275 2309 V
295 2285 346 2308 458
368 2282 550 2316 ‘hyppallage
581 2283 623 2308 est
652 2282 683 2307 ut
708 2280 818 2308 Servius
845 2281 941 2316 dicit'‚
961 2283 1069 2310 V1437
1100 2283 1223 2311 ‘Servius
1249 2284 1317 2310 dicit
1343 2284 1417 2317 quod

144 2322 278 2348 Homerus
298 2322 402 2348 narrat’
425 2330 447 2349 8.
468 2332 492 2356 q.
514 2331 533 2348 s.

199 2371 271 2391 Servii
286 2377 364 2392 comm.
381 2372 431 2391 Vol.
447 2372 465 2393 I.
486 2372 551 2391 Fasc.
568 2371 598 2390 ΙΙ.
1190 2376 1204 2393 e
