1690 2611
229 137 272 168 46
809 138 929 165 SERVII

318 220 368 251 89.
407 227 618 251 TEVCRORVM
655 229 699 250 Ex
738 228 861 252 ocvms
901 232 1077 261 numquam
1121 221 1205 252 enim
1248 223 1354 253 totum
1392 222 1515 254 eaelum

227 273 369 304 nubibus
394 273 530 314 tegitur,
555 273 610 305 sed
639 273 698 304 illa
721 285 812 314 pare,
841 276 954 305 contra
983 285 1080 315 quam
1109 274 1259 306 flaverint
1287 276 1384 308 venti.
1431 276 1516 318 quod

229 329 337 358 autem
362 327 444 358 dixit
467 327 551 358 diem
576 327 671 367 eripi,
696 327 736 358 ad
760 327 926 358 videntum
956 327 1068 358 oeulos
1092 328 1235 369 rettulit,
1263 339 1327 360 11011
1356 329 1395 360 ad
1423 332 1516 361 natu-

227 391 306 412 ram.
399 393 575 412 mvcnom’a!
594 393 617 411 Γ
634 382 668 419 o.]
702 380 718 398 ³³⁵
730 380 800 412 bene
820 379 1050 421 ‘Teucrormnss
1073 381 1183 421 quibus
1202 384 1362 421 tempestas
1381 383 1514 415 inmissa

192 442 206 464 5
226 433 327 465 erat*
421 443 493 466 Nox
521 442 675 466 INCVBAT
704 444 768 464 nox
797 434 895 475 diota,
927 434 1012 475 quod
1041 434 1144 465 oeulis
1172 437 1296 467 noceat.
1348 435 1514 468 ‘incubat'

228 490 340 520 autem*
360 488 432 520 ideo
457 488 552 529 dixit,
577 488 661 529 quod
687 487 828 518 alienum
852 489 980 528 tempus
1004 488 1134 519 invasit.
1169 500 1245 520 nam
1268 489 1422 520 incubare
1445 501 1517 530 pro-

227 541 296 582 prie
325 542 443 573 dicitur
470 553 527 583 per
558 542 624 573 vim
656 551 724 571 rem
758 540 898 572 alienam
927 541 1012 572 velle
1041 543 1158 572 tenere.
1249 545 1305 574 aut
1334 545 1410 574 certe
1441 543 1517 575 ‘nox

226 595 374 633 iweubat',
398 598 433 626 ut
450 595 531 626 mm
549 594 706 626 <intervalli
724 596 798 625 esset
817 595 896 625 inter
915 595 1050 626 tenebras
1069 598 1097 626 et
1115 606 1207 627 mare.
1246 598 1302 626 cz-nt
1320 598 1515 638 tempestates,

226 651 261 679 w}
292 650 326 680 in
356 650 502 689 (sem-*meis
534 649 610 688 ipse
634 650 745 688 pater
777 648 899 678 media
929 649 1135 680 nimborum
1165 650 1204 680 iaz
1233 651 1335 680 nocte
1364 659 1516 681 corusca

176 710 208 732 10
227 703 390 742 fulmina
416 703 570 733 molitur
593 703 734 732 (lezctra.

317 757 368 787 90.
403 765 480 787 Pom
512 766 601 795 axes,
634 754 666 786 id
698 756 747 785 est
775 756 936 786 extremae
963 759 1072 795 partes
1104 756 1196 787 caeli.
1241 756 1300 787 cluo
1328 756 1410 787 enim
1432 759 1512 790 sunt.

226 810 331 841 notius
359 812 387 841 et
418 810 533 849 boo-ius,
567 819 587 839 (ι
619 808 729 848 quibus
763 810 859 838 totum
892 809 1008 839 caelmn
1041 810 1231 840 eontonuisse
1262 810 1425 849 s'iynificat.

226 872 379 894 AETHER.
393 863 558 894 aetherem
583 862 644 892 1100
669 861 740 892 1000
764 872 822 902 pro
852 863 924 892 ae're
949 861 1065 902 posuit.
1112 862 1213 893 nubes
1243 862 1341 903 enim,
1371 863 1455 895 unde
1480 866 1513 895 et

226 917 378 957 fulmina,
403 917 485 948 ael-is
511 917 600 956 sunt,
623 926 688 946 11011
712 914 868 945 aetheris:
898 917 930 946 et
959 914 1144 955 frequenter
1167 914 1334 956 Vergilius
1363 916 1426 948 duo
1451 917 1514 948 ista

174 979 204 1001 15
226 970 403 1002 confundit.
986 1007 989 1013 Ἰ

314 1024 365 1056 91.
398 1032 600 1055 INTENTANT
627 1022 806 1063 minantur,
834 1023 985 1062 umerum.
1077 1030 1189 1053 OMNIA
1219 1024 1327 1054 autem
1358 1023 1398 1055 ad
1423 1035 1515 1065 supe-

225 1078 312 1109 riora
335 1078 472 1109 rettulit.

314 1131 365 1162 92.
399 1139 587 1162 Ex'rEMPLo
613 1130 688 1161 ilico
713 1130 827 1161 statim.
875 1130 907 1160 et
931 1131 981 1160 est
1006 1139 1164 1170 augurum
1191 1141 1305 1161 sermo.
1353 1131 1512 1171 templum

225 1185 320 1217 enim*
335 1184 452 1216 dieitur
476 1185 565 1216 locus
591 1195 688 1215 manu
708 1182 896 1224 designatus
920 1182 952 1213 in
974 1185 1061 1223 aere,
1085 1184 1161 1223 post
1182 1194 1276 1224 quem
1295 1183 1417 1215 factum
1436 1184 1512 1216 ilico

174 1247 207 1269 ‘20
228 1240 399 1279 captantur
425 1238 569 1279 auguria.
661 1245 799 1268 AENEAE
825 1235 967 1267 servavit
990 1233 1026 1266 τὸ
1051 1235 1192 1276 πρέπον,
1216 1238 1252 1267 ut
1272 1236 1415 1268 Aeneam
1439 1238 1513 1268 ulti-

226 1304 313 1323 mum
342 1292 493 1323 territum
521 1292 616 1323 dieat.
708 1298 860 1321 FRIGORE
892 1289 1018 1320 timore.
1073 1291 1106 1320 et
1137 1291 1186 1320 est
1217 1290 1380 1330 reciproca
1411 1292 1514 1321 trans-

226 1347 319 1386 latio3
343 1357 418 1377 nam
443 1348 475 1377 et
498 1345 598 1377 timor
622 1356 681 1386 pro
705 1344 828 1385 frigore
854 1345 885 1374 et
908 1342 1013 1383 frigus
1034 1353 1092 1383 pro
1112 1343 1230 1374 timore
1250 1344 1396 1384 ponitur,
1420 1346 1457 1374 ut
1480 1344 1513 1375 in

225 1400 378 1431 'Ferentio
402 1410 559 1431 uxorem
584 1401 689 1430 tuam
714 1397 892 1438 pavitare
917 1396 1028 1427 aiunt
1050 1406 1117 1427 non
1136 1396 1264 1437 timere,
1289 1397 1344 1428 sed
1364 1397 1513 1428 laborare

223 1453 419 1494 frigoribus3
451 1455 623 1494 utrumque
653 1452 737 1483 enim
769 1451 802 1481 in
827 1461 925 1481 unum
954 1450 1078 1480 exitum
1107 1449 1207 1490 cadit,
1236 1450 1319 1481 sieut
1343 1453 1376 1482 et
1400 1450 1438 1482 de
1463 1461 1512 1482 ea-

170 1515 203 1537 25
224 1507 291 1538 lore
317 1509 348 1538 et
372 1507 410 1537 de
435 1506 555 1547 frigore
580 1515 671 1536 urere
692 1504 842 1543 dicimus,
867 1505 903 1534 ut
928 1505 978 1534 est
1002 1504 1069 1534 aut
1093 1502 1239 1534 Boreae
1264 1504 1513 1544 penetrabile

295 1598 310 1620 5
339 1603 393 1620 uox
494 1593 607 1627 noceat]
633 1601 717 1619 exscr.
739 1592 801 1618 Isid.
827 1591 896 1624 orig.
922 1591 946 1616 V
971 1594 1013 1623 31,
1039 1593 1051 1616 1
1076 1591 1085 1624 ΙΙ
1109 1593 1124 1616 9
1154 1590 1182 1616 111
1211 1591 1361 1625 georgicis]
1388 1592 1398 1617 Ι
1423 1594 1474 1618 328
1503 1593 1511 1626 Η

226 1634 257 1657 18
277 1630 342 1656 11100
359 1650 363 1656 .
381 1651 385 1656 .
404 1652 408 1656 .
425 1629 553 1663 auguria]
571 1638 656 1655 exscr.
673 1629 751 1654 Luct.
768 1628 842 1653 Plac.
859 1627 894 1652 ad
910 1625 980 1652 Stat.
996 1626 1064 1653 Ach.
1081 1626 1105 1652 ΙΙ
1117 1628 1149 1652 89
1165 1627 1174 1659 ΙΙ
1189 1629 1221 1652 23
1237 1626 1381 1661 Terentio]
1397 1627 1456 1653 hec.
1473 1627 1510 1653 ΙΙΙ

226 1671 248 1700 1,
268 1669 301 1691 40
323 1666 453 1691 ‘uxorem
474 1665 668 1691 Philumenam
688 1663 814 1698 pavitare
834 1662 925 1688 nescio
941 1661 1008 1695 quid
1029 1661 1184 1689 dixeruut’.
1208 1663 1217 1695 ΙΙ
1241 1665 1275 1688 24
1294 1664 1464 1696 utrumque.
1482 1685 1486 1690 .
1505 1685 1510 1690 .

224 1701 334 1736 adurat]
355 1701 389 1728 cf.
410 1701 479 1728 Don.
500 1701 535 1727 ad
555 1701 617 1728 Ter.
638 1708 698 1726 eun.
720 1700 730 1725 Ι
750 1703 775 1731 2,
795 1701 810 1724 4
833 1699 842 1732 ll
866 1700 898 1724 25
919 1700 969 1723 aut
987 1697 1106 1732 Boreae]
1126 1705 1220 1731 georg.
1242 1697 1252 1723 Ι
1273 1700 1305 1724 93

247 1751 284 1761 a-
297 1758 301 1759 ⁷
313 1758 383 1760 fiee

297 1786 309 1807 1
332 1783 368 1808 ad
384 1791 407 1808 r.
420 1785 453 1808 89
474 1781 642 1814 Caelumque
658 1779 799 1813 diemque]
819 1787 875 1805 non
891 1779 981 1804 totum
997 1777 1105 1803 caelum
1122 1799 1126 1804 .
1144 1798 1149 1803 .
1166 1798 1171 1803 .
1187 1777 1272 1804 uenti.
1303 1777 1401 1804 ‘diem’
1418 1779 1512 1804 autem

225 1817 329 1851 ‘eripi’
351 1817 388 1851 ad
405 1817 560 1843 uidentium
581 1817 676 1843 oeulos
695 1814 816 1847 rettulit,
837 1822 891 1840 non
912 1813 945 1839 ad
962 1814 1099 1840 naturam.
1129 1813 1191 1839 Nox
1210 1813 1336 1847 incubat]
1356 1813 1419 1840 ideo
1440 1813 1511 1840 dixit

222 1854 297 1886 quod
317 1853 439 1879 alienum
459 1853 571 1886 tempus
591 1851 702 1878 inuasit.
725 1851 752 1876 P
771 1851 780 1883 ΙΙ
799 1858 956 1875 TEVCRORVM
977 1858 1010 1874 ex
1031 1858 1123 1874 oevms
1144 1848 1213 1875 bene
1232 1850 1391 1875 teucrorum
1410 1849 1510 1882 quibus

1282 1891 1296 1904 V

223 1916 375 1949 tempestas
396 1914 521 1941 immissa
542 1915 602 1940 erat
620 1921 772 1946 numquam
794 1911 816 1937 G
836 1912 845 1945 11
870 1914 884 1937 2
904 1910 1047 1937 nubilibus
1068 1911 1098 1936 1<
1115 1912 1123 1944 ΙΙ
1146 1914 1160 1936 3
1181 1910 1293 1937 uidente
1313 1911 1345 1936 K
1361 1912 1369 1944 ΙΙ
1389 1910 1509 1945 rettulit]

223 1951 293 1977 dixit
312 1951 338 1976 B
357 1952 366 1984 ΙΙ
390 1952 531 1982 naturam;
551 1958 616 1976 nam
636 1949 694 1975 dies
714 1948 804 1974 adhue
825 1948 891 1973 erat.
915 1947 941 1972 1)
959 1947 968 1980 ΙΙ
993 1950 1006 1972 7
1028 1946 1148 1972 retinere
1167 1946 1238 1972 BM
1260 1948 1269 1980 ΙΙ
1293 1949 1308 1972 8
1327 1947 1443 1979 fortasse
1462 1948 1511 1972 aut

224 1987 299 2012 ‘nox’
321 1986 473 2020 tempestas
496 1986 505 2019 ΙΙ
532 1990 559 2011 11
587 1986 623 2011 ad
642 1988 675 2011 90
697 1985 844 2010 Intonuere
864 1982 934 2016 poli]
964 1982 1022 2015 poli
1042 1990 1120 2015 axe-e,
1146 1982 1174 2007 id
1194 1983 1236 2008 est
1255 1983 1396 2008 extremae
1415 1982 1509 2016 partes

223 2022 301 2048 caeli.
341 2022 394 2047 duo
415 2022 488 2048 enim
508 2022 572 2047 suut
593 2042 597 2047 .
615 2043 619 2048 .
637 2041 641 2046 .
663 2019 815 2046 confundit.
840 2019 865 2043 P
886 2019 894 2052 ΙΙ
919 2017 1001 2050 caeli,
1023 2026 1105 2051 super
1124 2018 1224 2051 quibus
1249 2017 1358 2044 caelum
1382 2017 1510 2050 uertitur,

222 2058 249 2084 id
271 2059 313 2084 est
332 2059 472 2088 nomina,
492 2057 564 2083 unde
584 2058 612 2083 et
631 2056 749 2082 uertices
770 2054 868 2087 latine,
889 2062 988 2087 graece
1008 2051 1088 2079 πόλοι
1109 2053 1246 2080 dicuntur.
1268 2054 1297 2079 D
1316 2054 1325 2086 ΙΙ
1345 2056 1376 2078 12
1396 2052 1508 2078 nothios

223 2095 251 2119 et
270 2093 362 2120 borios
384 2094 419 2115 (Ψ
429 2093 476 2127 stu
499 2097 530 2119 16
551 2093 587 2118 ω]
606 2096 637 2119 91
660 2090 814 2124 Intentant]
836 2089 978 2115 minantur
998 2109 1003 2115 .
1025 2110 1030 2115 .
1052 2110 1056 2115 .
1078 2088 1194 2115 rettulit.
1217 2089 1244 2114 P
1261 2090 1270 2122 ΙΙ
1296 2091 1327 2114 18
1348 2089 1384 2114 ad
1403 2091 1436 2114 92
1457 2087 1508 2113 Ex-

222 2129 340 2163 templo]
362 2128 427 2155 ilico
448 2129 543 2155 statim
564 2150 569 2155 .
587 2150 592 2154 .
610 2150 614 2154 .
636 2128 783 2161 captantur
803 2124 927 2159 auguria.
966 2124 1093 2158 Frigore}
1115 2124 1223 2151 timore⁴
1258 2125 1286 2150 et
1305 2124 1348 2150 est
1366 2123 1509 2157 reciproca

223 2164 383 2197 translatio,
402 2173 466 2190 nam
488 2173 573 2190 unum
593 2172 642 2198 pro
662 2163 750 2188 altero
772 2162 837 2196 poni
857 2161 957 2195 potest.
976 2160 1024 2193 1¹11
1045 2163 1076 2186 19
1097 2160 1210 2194 auguris
1230 2167 1315 2186 manu
1334 2158 1486 2185 Fabricius
1501 2159 1509 2193 Η

223 2231 256 2253 20
277 2228 369 2254 seruat
390 2226 413 2252 'A
438 2226 492 2258 (uel
509 2226 633 2252 seruauit
647 2233 779 2259 superser.
796 2224 814 2256 l)
833 2224 842 2256 ll
860 2224 889 2249 to
909 2231 1014 2256 prepon
1036 2222 1067 2247 J(
1093 2205 1134 2247 rm?
1148 2230 1253 2247 ΠΡεΠοΝ
1273 2220 1298 2246 L
1325 2230 1376 2246 ‘rou
1396 2230 1507 2246 111-1111011

224 2263 252 2289 11]
279 2272 334 2288 Tum
357 2271 468 2288 mmmm
489 2262 505 2288 i.
526 2271 548 2288 0.
570 2263 661 2287 rectus
681 2261 749 2288 ordo
769 2260 813 2285 uel
834 2258 957 2291 dignitas
978 2259 986 2283 I
1005 2258 1036 2283 in
1050 2265 1136 2290 mary.
1151 2258 1215 2283 inde
1232 2257 1348 2289 sortasse
1366 2256 1507 2289 vulgatum

223 2301 259 2324 est
286 2298 407 2324 servavit
433 2297 600 2331 dignitatem
630 2296 660 2322 τὸ
689 2296 806 2329 πρέπον.
830 2296 839 2328 ΙΙ
867 2297 900 2319 22
928 2293 1056 2320 iratimor
1074 2293 1100 2318 L
1132 2294 1206 2325 (uam
1237 2293 1265 2318 et
1289 2291 1373 2318 timor
1398 2292 1416 2324 I)
1440 2293 1449 2324 ΙΙ
1477 2293 1508 2317 ut

224 2335 250 2360 in
271 2333 401 2360 Terentio
422 2355 426 2360 .
444 2354 448 2359 .
467 2354 471 2359 .
493 2333 569 2359 cadit
587 2342 635 2359 om.
656 2333 683 2357 B
701 2333 710 2365 11
730 2330 867 2365 pavitare]
888 2329 904 2355 i.
926 2337 948 2355 e.
969 2328 1126 2355 febricitare
1144 2335 1278 2360 supersor.
1296 2327 1328 2360 ΙΙΙ
1347 2329 1379 2352 25
1400 2328 1432 2353 ut
1451 2327 1505 2361 est]

224 2370 313 2395 uritur
333 2369 428 2395 infelix
449 2369 520 2395 Dido
540 2369 602 2394 add.
624 2368 697 2393 Lien
