1690 2611
538 124 650 153 COMM.
670 125 709 151 IN
728 125 834 152 VERG.
855 125 938 152 AEN.
960 126 991 153 V.
1012 129 1124 153 34-48.
1400 126 1464 158 595

277 206 328 237 44.
365 219 499 239 Amnon
515 219 630 239 AENEAS
648 207 772 247 proprie
795 207 876 238 enim
899 208 1045 239 advocata
1069 210 1166 240 contio
1189 209 1309 241 dieitur.

278 259 329 290 45.
366 268 595 291 DARDANIDAE
620 269 729 292 MAGNI
752 260 945 302 frequenter,
969 263 1005 292 ut
1030 261 1178 303 diximus,
1203 262 1242 293 ad
1267 274 1347 303 opus
1372 274 1465 294 suum

189 312 353 354 Vergilius
379 313 487 355 aliqua
511 324 548 344 ex
571 313 709 345 historia
733 314 870 345 derivat:
899 325 973 344 nam
1003 315 1048 345 sic
1073 315 1181 346 omnia
1209 315 1345 357 inducit,
1374 315 1465 356 quasi

189 366 291 398 divini
319 366 457 398 honores
488 367 655 399 solvantur
680 367 853 408 Anchisae,
885 378 963 408 quos
994 370 1121 399 constat
1144 368 1229 400 Iulio
1254 367 1386 400 Caesari
1410 369 1464 400 tri-

188 420 296 451 buisse
320 420 513 461 Augustum.
565 423 597 452 et
628 422 708 453 bene
737 421 814 452 dicit
848 420 965 462 ‘genus
995 421 1061 452 alto
1091 433 1109 452 a
1138 422 1294 463 sanguine
1324 422 1464 454 divum':

189 485 264 505 nam
289 485 346 515 per
369 474 502 505 tacitam
528 475 747 506 oeconomiam
772 474 920 515 ostendit,
945 474 1059 506 debere
1085 474 1249 506 Anchisen
1268 476 1394 517 generis
1415 477 1464 507 sui

189 527 344 559 honorem
364 527 492 558 mereri:
516 527 599 559 unde
619 529 668 559 est
683 526 749 568 <IX
765 528 849 569 639>
866 527 923 559 dis
943 528 1077 569 genite
1102 530 1140 559 et
1164 529 1342 569 geniture
1366 530 1465 561 deos.

254 590 276 612 A
301 589 476 612 SANGVINE
502 589 614 612 DIVVM
639 581 780 613 ‘divum'
803 583 834 613 et
854 581 1018 613 ‘deorum'
1039 581 1257 613 indifferenter
1277 583 1464 624 plerumque
1488 574 1490 577 ‚

188 634 281 675 ponit
304 636 414 676 poeta,
448 645 642 676 quamquam
673 634 715 665 sit
744 634 908 675 discretio,
941 636 977 666 ut
1006 635 1081 666 deos
1111 636 1282 676 perpetuos
1311 635 1465 677 dicamus,

189 688 279 719 divos
309 699 346 719 ex
375 687 559 719 hominibus
592 687 709 729 factos,
743 687 836 729 quasi
870 687 924 729 qui
957 687 1041 719 diem
1075 688 1226 719 obierint:
1258 688 1341 720 unde
1374 689 1464 722 divos

190 741 288 772 etiam
316 741 528 782 imperatores
559 752 717 773 vocamus.
764 741 817 772 sed
842 740 946 772 Varro
972 742 1003 772 et
1027 741 1141 772 Ateius
1171 744 1282 786 contra
1311 743 1466 783 sentiunty

189 795 330 826 dicentes
355 794 446 826 divos
470 797 656 836 perpetuos,
686 794 776 835 deos,
805 795 859 836 qui
887 797 1019 836 propter
1049 795 1098 826 sui
1127 795 1400 827 consecrationem
1428 797 1466 828 ti-

190 850 324 889 mentur,
348 849 384 879 ut
409 850 483 879 sunt
506 848 550 879 dii
576 859 699 880 manes:
725 848 810 890 quod
834 849 941 890 tangit
965 849 998 880 in
1023 848 1210 880 duodecimo
1232 849 1338 881 dicens
1359 850 1465 891 <139>

190 901 278 933 diva
307 902 413 933 deam
444 901 595 943 stagnis
625 913 719 943 quae
750 902 1059 944 fluminibusque
1085 902 1235 934 sonoris
1259 903 1465 944 praesidet.

276 955 327 987 46.
365 963 502 987 ANNVVS
533 964 632 987 ORBIS
667 955 741 997 quia
777 966 903 987 menses
932 956 965 986 in
992 966 1058 987 sese
1087 958 1255 988 recurrunt
1284 956 1316 988 et
1345 968 1463 988 annum

188 1009 326 1040 faciunt:
351 1008 433 1040 unde
457 1010 489 1040 et
513 1009 627 1040 anulus
653 1010 745 1051 quasi
769 1020 871 1040 annus
896 1009 1008 1041 dictus.
1056 1010 1101 1041 sic
1126 1010 1205 1041 alibi
1229 1012 1341 1052 atque
1366 1011 1402 1042 in
1427 1022 1465 1043 se

189 1073 256 1093 sua
279 1073 346 1103 per
369 1062 543 1104 vestigia
567 1062 742 1094 volvitur
766 1074 895 1094 annus.

276 1116 326 1147 47.
364 1125 479 1147 D1V1N1
504 1118 560 1147 aut
583 1116 653 1148 laus
675 1118 737 1156 est,
761 1118 796 1147 ut
821 1116 942 1147 divini
967 1128 1061 1158 opus
1081 1117 1381 1150 Alcimedontis:
1411 1121 1466 1150 aut

187 1180 221 1200 re
254 1180 331 1200 vera
364 1169 511 1210 ‘divini’3
544 1181 619 1201 nam
649 1170 694 1201 ait
723 1169 807 1210 <VII
834 1170 915 1210 122>
941 1171 1087 1210 (leniter
1119 1171 1209 1202 mihi
1242 1172 1338 1203 talia
1365 1183 1465 1203 nam-

188 1233 267 1263 que,
290 1234 386 1254 nunc
410 1224 556 1264 repeto⁷
581 1223 768 1255 Anchises
793 1223 965 1254 fatorum
991 1235 1130 1255 arcana
1154 1225 1325 1267 reliquit.
1367 1226 1466 1258 multa

189 1277 270 1308 enim
298 1277 428 1317 antiqua
457 1277 539 1308 lectio
563 1277 718 1309 Anchisen
744 1277 924 1316 fiztzzrorum
952 1278 1090 1309 scientem
1114 1279 1303 1310 concelebrat.
1327 1282 1382 1311 aut
1406 1279 1466 1311 ‘dek

191 1329 271 1361 vmi'
298 1331 332 1361 id
353 1333 396 1362 est
418 1331 473 1369 dei,
497 1331 571 1370 qnia
594 1331 679 1371 apud
700 1330 858 1362 Romanos
880 1330 1092 1370 defunctorem
1111 1335 1254 1372 parentes
1277 1333 1326 1364 dei
1347 1344 1367 1364 α
1389 1334 1466 1373 filiis

188 1383 381 1415 vocabantur.

277 1437 328 1468 48.
366 1445 521 1469 MAESTAS
550 1446 636 1470 ARAS
665 1441 721 1469 αῑιέ
748 1438 808 1478 ipsi
836 1439 960 1475 maeste}
993 1441 1049 1470 aut
1083 1439 1223 1470 medium
1258 1452 1290 1471 se
1320 1441 1465 1481 praebet:

188 1500 264 1521 nam
289 1492 321 1521 et
344 1490 510 1522 hominem
534 1491 632 1522 fuisse
656 1492 756 1532 novit,
782 1493 814 1523 et
838 1492 909 1523 vult
934 1503 1005 1523 eum
1031 1503 1068 1523 ex
1089 1494 1328 1525 consecratione
1347 1506 1465 1525 numen

190 1543 349 1584 effectum3
373 1555 448 1575 nam
474 1543 629 1576 ‘maestas
655 1544 743 1576 aras'
769 1545 807 1576 ad
832 1545 996 1577 hominem
1019 1546 1168 1586 pertinet,
1193 1546 1224 1578 id
1250 1549 1298 1578 est
1318 1547 1379 1578 diis
1400 1559 1464 1579 nia-

189 1596 284 1627 nibus
309 1599 520 1638 consecratas,
540 1600 572 1629 et
592 1598 674 1639 quod
695 1599 792 1639 paulo
812 1601 886 1639 post
906 1599 982 1630 dicit
1004 1599 1087 1639 <93>
1109 1599 1241 1631 ‘altaria
1260 1600 1372 1641 liquit’
1397 1602 1466 1633 vult

190 1660 258 1681 esse
288 1649 468 1682 divinitatis
499 1653 573 1692 post
603 1651 808 1692 apotheosin,
833 1654 1032 1692 posteaquam
1067 1653 1140 1684 (Zeus
1172 1654 1370 1693 confirmatus
1407 1657 1465 1686 est:

261 1758 276 1781 9
295 1757 327 1782 ut
346 1756 412 1782 deos
433 1777 438 1782 .
460 1777 464 1782 .
486 1777 490 1782 .
511 1756 610 1791 factos]
632 1765 716 1783 exscr.
737 1756 800 1783 Isid.
821 1757 879 1783 diff.
898 1757 971 1784 verb.
994 1761 1043 1784 168
1063 1759 1071 1791 ΙΙ
1096 1761 1128 1784 15
1150 1758 1276 1785 ‘Annuus
1296 1759 1381 1785 orbis’
1404 1781 1409 1786 .
1431 1782 1436 1786 .
1458 1782 1464 1787 .

189 1790 311 1817 volvitur
334 1792 432 1826 annus]
458 1801 541 1818 exscr.
567 1792 628 1818 Isid.
655 1801 693 1819 or.
712 1793 737 1818 V
757 1796 803 1826 36,
826 1796 847 1818 1.
884 1793 918 1820 cf.
939 1793 1013 1820 Serv.
1034 1796 1069 1820 ad
1088 1794 1155 1820 Aen.
1176 1794 1188 1819 I
1209 1797 1258 1821 269
1287 1796 1295 1829 ΙΙ
1325 1798 1356 1821 16
1382 1795 1462 1831 alibi]

191 1834 284 1860 georg.
305 1827 330 1852 ΙΙ
350 1829 472 1862 4021118
492 1827 589 1862 divini]
611 1828 671 1854 buc.
691 1828 729 1854 ΠΙ
749 1831 781 1854 37

263 1928 275 1950 1
296 1934 416 1951 ΑονοοΑΤ
434 1925 465 1951 F
489 1926 498 1959 ΙΙ
525 1926 562 1951 ατ]
580 1926 699 1952 advocat
718 1926 825 1953 Aeneas
844 1934 918 1960 supr.
941 1935 1002 1953 cers.
1024 1928 1134 1961 proprie
1159 1928 1230 1954 dixit
1255 1928 1375 1955 aduocat
1400 1929 1466 1962 quia

191 1960 328 1986 aduocata
347 1960 448 1987 dicitur
468 1961 559 1987 contio
582 1961 606 1987 T
627 1963 635 1996 ΙΙ
662 1962 773 1995 proprie
793 1962 930 1988 advocata
950 1962 1023 1988 enim
1044 1963 1073 1988 F
1099 1963 1236 1990 advocata
1260 1964 1333 1990 enim
1353 1965 1464 1998 proprie

190 1996 293 2022 Daniel
307 1997 315 2029 H
330 1999 345 2021 3
361 1996 488 2022 aderiuat
502 1997 532 2022 F
552 1997 655 2023 diriuat
670 1997 765 2023 ONH
775 1999 783 2031 11
798 2001 813 2023 4
829 1997 886 2023 dim·
902 1997 931 2023 F
943 1999 951 2031 Η
966 1998 1083 2024 hencres
1099 1999 1165 2024 NH
1177 2000 1184 2033 ΙΙ
1199 2000 1281 2033 quos]
1298 2000 1371 2033 quod
1386 1999 1446 2026 FO
1457 2000 1465 2034 [l

192 2035 206 2057 5
227 2031 315 2057 altum
335 2031 364 2057 F
377 2032 384 2065 ΙΙ
399 2040 416 2057 a
435 2040 483 2058 om.
505 2032 617 2066 ΟΝΗΙΙ
640 2036 654 2058 6
673 2033 801 2067 tacitam]
822 2034 880 2059 tam
901 2033 958 2059 FO
983 2033 1128 2060 tacitatem
1148 2035 1176 2060 Il
1205 2036 1294 2061 totam
1314 2036 1382 2061 coni.
1404 2036 1463 2061 Ηα-

189 2075 273 2100 yenus
287 2068 295 2100 ΙΙ
310 2067 475 2100 yconomian
487 2067 542 2094 FO
555 2069 563 2101 ΙΙ
586 2071 616 2093 11
631 2068 775 2103 vocamus]
797 2069 933 2095 Iuvenalis
948 2069 996 2101 (VI
1009 2071 1068 2102 115)
1087 2070 1203 2104 ‘respice
1219 2071 1320 2097 riva-les
1337 2071 1461 2097 deorum'

165 2099 169 2102 ”
191 2103 253 2129 add.
274 2103 302 2127 I)
321 2103 329 2136 Η
353 2102 441 2128 ateius
461 2103 565 2129 FC'N:
584 2103 762 2130 adtatatenus
780 2104 806 2129 L
834 2104 953 2130 atateius
972 2105 1068 2130 HMn
1087 2106 1095 2139 ΙΙ
1121 2109 1152 2131 14
1172 2105 1236 2132 diva
1255 2106 1348 2140 deam]
1370 2107 1464 2132 diuam

192 2138 291 2163 NLII
317 2138 412 2163 diuam
431 2138 511 2164 deam
529 2139 577 2164 Ml
592 2140 600 2172 {1
617 2142 647 2165 15
667 2140 808 2165 recurrent
823 2139 878 2165 FO
891 2141 898 2173 ΙΙ
915 2143 946 2166 16
966 2140 1083 2166 annulus
1099 2141 1123 2166 L
1138 2142 1146 2175 ΙΙ
1161 2150 1267 2167 annuus
1284 2142 1351 2167 LM
1366 2143 1464 2175 (annus

190 2175 225 2206 m)
241 2174 249 2207 ΙΙ
266 2177 297 2199 17
317 2174 416 2208 annus]
437 2171 493 2199 ἀπὸ
513 2175 562 2200 τοῦ
582 2173 776 2200 ἀνανεοῦσθαι
796 2184 812 2200 a
832 2175 988 2201 renovando
1009 2176 1071 2202 add.
1088 2176 1116 2202 D
1131 2178 1138 2210 ΙΙ
1162 2180 1193 2203 18
1213 2177 1312 2211 divini]
1333 2177 1389 2202 diui
1410 2177 1439 2202 F
1456 2178 1464 2211 l}

191 2209 385 2238 alcimedontis
406 2210 454 2234 M.-
473 2209 685 2236 alehimedontis
707 2210 884 2244 FCNLHH
907 2214 938 2236 19
954 2211 1053 2245 divini]
1075 2211 1132 2238 diui
1147 2213 1181 2238 F.
1202 2213 1230 2238 id
1250 2214 1292 2238 est
1312 2212 1464 2238 vaticinan-

191 2244 227 2270 tis
247 2245 309 2270 add.
330 2245 358 2270 ])
386 2245 394 2278 {l
423 2248 453 2270 ⁵21
480 2246 516 2271 acl
538 2254 561 2271 v.
582 2248 615 2271 47
640 2246 670 2271 in
693 2254 777 2279 mary.
797 2245 886 2271 multa
904 2246 988 2272 lectio
1008 2247 1123 2280 antiqua
1143 2268 1147 2273 .
1171 2269 1175 2273 .
1197 2270 1202 2274 .
1222 2248 1395 2274 uocabantur
1418 2248 1441 2273 T

192 2282 224 2305 ‘22
245 2280 420 2306 concelebrat
439 2282 488 2306 aut
506 2281 624 2306 Daniel:
643 2277 862 2307 concelebranda
881 2282 912 2306 ut
932 2281 959 2306 F
985 2282 1108 2309 celebrat
1127 2284 1158 2309 ut
1180 2284 1222 2317 ΤΗ
1238 2287 1269 2309 23
1290 2283 1346 2318 dei]
1367 2283 1395 2309 di
1417 2283 1442 2308 Τ
1456 2248 1466 2318 ii

192 2317 226 2340 24
245 2315 326 2341 mesti
345 2324 377 2341 ex
396 2317 483 2342 ineste
503 2316 532 2342 F
549 2317 557 2351 ΙΙ
581 2319 613 2342 27
634 2317 717 2350 liquit
741 2317 894 2350 Veryiliam'
913 2317 978 2343 libri
992 2318 1129 2352 plerique:
1153 2319 1256 2353 linquit
1275 2318 1333 2345 FO
1358 2319 1466 2352 aliquid

193 2350 226 2376 Ν
229 2350 322 2377 LHm
354 2351 456 2385 aliquit
476 2352 512 2377 M
542 2351 644 2386 linquit
662 2352 768 2386 aliquid
788 2353 944 2379 Masvicius
958 2353 1067 2387 primus

1488 697 1519 720 10

1487 964 1519 987 15
