<?xml version="1.0" encoding="UTF-8"?>
<!DOCTYPE html PUBLIC "-//W3C//DTD XHTML 1.0 Transitional//EN"
    "http://www.w3.org/TR/xhtml1/DTD/xhtml1-transitional.dtd">
<html xmlns="http://www.w3.org/1999/xhtml" xml:lang="en" lang="en">
 <head>
  <title>
</title>
<meta http-equiv="Content-Type" content="text/html;charset=utf-8" />
  <meta name='ocr-system' content='tesseract 3.04.00' />
  <meta name='ocr-capabilities' content='ocr_page ocr_carea ocr_par ocr_line ocrx_word'/>
</head>
<body>
  <div class='ocr_page' id='page_1' title='image "./serviigrammatici01bons_0319.png"; bbox 0 0 1690 2611; ppageno 0'>
   <div class='ocr_carea' id='block_1_1' title="bbox 558 130 1486 160">
    <p class='ocr_par' dir='ltr' id='par_1_1' title="bbox 558 130 1486 160">
     <span class='ocr_line' id='line_1_1' title="bbox 558 130 1486 160; baseline 0.002 -2"><span class='ocrx_word' id='word_1_1' title='bbox 558 131 670 158; x_wconf 89' lang='lat' dir='ltr'>COMM.</span> <span class='ocrx_word' id='word_1_2' title='bbox 691 131 730 157; x_wconf 86' lang='lat' dir='ltr'>IN</span> <span class='ocrx_word' id='word_1_3' title='bbox 749 130 855 157; x_wconf 83' lang='lat' dir='ltr'>VERG.</span> <span class='ocrx_word' id='word_1_4' title='bbox 877 130 959 156; x_wconf 76' lang='lat' dir='ltr'>AEN.</span> <span class='ocrx_word' id='word_1_5' title='bbox 979 131 1011 156; x_wconf 90' lang='lat' dir='ltr'>II.</span> <span class='ocrx_word' id='word_1_6' title='bbox 1034 133 1145 157; x_wconf 74' lang='lat'>16—19.</span> <span class='ocrx_word' id='word_1_7' title='bbox 1424 130 1486 160; x_wconf 76' lang='lat'>217</span> 
     </span>
    </p>
   </div>
   <div class='ocr_carea' id='block_1_2' title="bbox 208 211 1545 1319">
    <p class='ocr_par' dir='ltr' id='par_1_2' title="bbox 208 211 1523 571">
     <span class='ocr_line' id='line_1_2' title="bbox 208 211 1488 254; baseline -0.002 -9"><span class='ocrx_word' id='word_1_8' title='bbox 208 215 392 254; x_wconf 74' lang='lat' dir='ltr'>innuptae</span> <span class='ocrx_word' id='word_1_9' title='bbox 415 213 554 244; x_wconf 85' lang='lat' dir='ltr'>donum</span> <span class='ocrx_word' id='word_1_10' title='bbox 578 212 737 244; x_wconf 77' lang='lat' dir='ltr'>exitiale</span> <span class='ocrx_word' id='word_1_11' title='bbox 758 211 961 243; x_wconf 86' lang='lat' dir='ltr'>Minervae.</span> <span class='ocrx_word' id='word_1_12' title='bbox 999 212 1093 252; x_wconf 86' lang='lat' dir='ltr'>pinus</span> <span class='ocrx_word' id='word_1_13' title='bbox 1117 214 1150 242; x_wconf 88' lang='lat' dir='ltr'>in</span> <span class='ocrx_word' id='word_1_14' title='bbox 1169 212 1271 242; x_wconf 82' lang='lat' dir='ltr'>tutela</span> <span class='ocrx_word' id='word_1_15' title='bbox 1290 211 1418 252; x_wconf 90' lang='lat' dir='ltr'>quidem</span> <span class='ocrx_word' id='word_1_16' title='bbox 1439 213 1488 242; x_wconf 87' lang='lat' dir='ltr'>est</span> 
     </span>
     <span class='ocr_line' id='line_1_3' title="bbox 210 264 1489 307; baseline -0.002 -9"><span class='ocrx_word' id='word_1_17' title='bbox 210 267 321 298; x_wconf 85' lang='lat' dir='ltr'>matris</span> <span class='ocrx_word' id='word_1_18' title='bbox 337 267 446 307; x_wconf 78' lang='lat' dir='ltr'>deum3</span> <span class='ocrx_word' id='word_1_19' title='bbox 471 266 525 297; x_wconf 86' lang='lat' dir='ltr'>sed</span> <span class='ocrx_word' id='word_1_20' title='bbox 546 268 578 297; x_wconf 92' lang='lat' dir='ltr'>et</span> <span class='ocrx_word' id='word_1_21' title='bbox 596 266 743 297; x_wconf 85' lang='lat' dir='ltr'>fraudum</span> <span class='ocrx_word' id='word_1_22' title='bbox 763 267 795 296; x_wconf 85' lang='lat' dir='ltr'>et</span> <span class='ocrx_word' id='word_1_23' title='bbox 814 265 1015 304; x_wconf 83' lang='lat' dir='ltr'>insidiarum,</span> <span class='ocrx_word' id='word_1_24' title='bbox 1040 265 1115 305; x_wconf 88' lang='lat' dir='ltr'>quia</span> <span class='ocrx_word' id='word_1_25' title='bbox 1137 265 1204 295; x_wconf 86' lang='lat' dir='ltr'>eius</span> <span class='ocrx_word' id='word_1_26' title='bbox 1224 276 1321 305; x_wconf 84' lang='lat' dir='ltr'>poma</span> <span class='ocrx_word' id='word_1_27' title='bbox 1340 264 1489 304; x_wconf 79' lang='lat' dir='ltr'>cadentia</span> 
     </span>
     <span class='ocr_line' id='line_1_4' title="bbox 208 317 1398 361; baseline -0.003 -10"><span class='ocrx_word' id='word_1_28' title='bbox 208 331 265 361; x_wconf 87' lang='lat' dir='ltr'>per</span> <span class='ocrx_word' id='word_1_29' title='bbox 296 320 441 352; x_wconf 78' lang='lat' dir='ltr'>fraudem</span> <span class='ocrx_word' id='word_1_30' title='bbox 473 319 678 350; x_wconf 82' lang='lat' dir='ltr'>interimunt:</span> <span class='ocrx_word' id='word_1_31' title='bbox 709 320 741 349; x_wconf 86' lang='lat' dir='ltr'>et</span> <span class='ocrx_word' id='word_1_32' title='bbox 770 318 822 348; x_wconf 84' lang='lat' dir='ltr'>hic</span> <span class='ocrx_word' id='word_1_33' title='bbox 852 329 962 359; x_wconf 58' lang='lat' dir='ltr'>equus⁴</span> <span class='ocrx_word' id='word_1_34' title='bbox 983 318 1094 358; x_wconf 88' lang='lat' dir='ltr'>plenus</span> <span class='ocrx_word' id='word_1_35' title='bbox 1123 317 1311 348; x_wconf 83' lang='lat' dir='ltr'>insidiarum</span> <span class='ocrx_word' id='word_1_36' title='bbox 1341 319 1398 348; x_wconf 83' lang='lat' dir='ltr'>est.</span> 
     </span>
     <span class='ocr_line' id='line_1_5' title="bbox 209 370 1489 412; baseline -0.003 -7"><span class='ocrx_word' id='word_1_37' title='bbox 209 382 336 404; x_wconf 77' lang='grc' dir='ltr'><strong>ΑΒΙΕΤΕ</strong></span> <span class='ocrx_word' id='word_1_38' title='bbox 375 373 494 404; x_wconf 87' lang='lat' dir='ltr'>solutio</span> <span class='ocrx_word' id='word_1_39' title='bbox 533 374 582 403; x_wconf 91' lang='lat' dir='ltr'>est</span> <span class='ocrx_word' id='word_1_40' title='bbox 619 371 768 412; x_wconf 86' lang='lat' dir='ltr'>spondei,</span> <span class='ocrx_word' id='word_1_41' title='bbox 805 382 889 402; x_wconf 89' lang='lat' dir='ltr'>nunc</span> <span class='ocrx_word' id='word_1_42' title='bbox 922 371 955 402; x_wconf 89' lang='lat' dir='ltr'>in</span> <span class='ocrx_word' id='word_1_43' title='bbox 988 370 1307 411; x_wconf 82' lang='lat' dir='ltr'>proceleumaticum,</span> <span class='ocrx_word' id='word_1_44' title='bbox 1341 370 1422 401; x_wconf 86' lang='lat' dir='ltr'>alias</span> <span class='ocrx_word' id='word_1_45' title='bbox 1455 371 1489 401; x_wconf 88' lang='lat' dir='ltr'>in</span> 
     </span>
     <span class='ocr_line' id='line_1_6' title="bbox 209 423 1523 468; baseline -0.004 -10"><span class='ocrx_word' id='word_1_46' title='bbox 209 426 387 468; x_wconf 74' lang='lat' dir='ltr'>dactylum,</span> <span class='ocrx_word' id='word_1_47' title='bbox 411 428 447 457; x_wconf 90' lang='lat' dir='ltr'>ut</span> <span class='ocrx_word' id='word_1_48' title='bbox 471 425 507 465; x_wconf 83' lang='lat' dir='ltr'>&lt;I</span> <span class='ocrx_word' id='word_1_49' title='bbox 529 426 568 466; x_wconf 86' lang='lat'>1&gt;</span> <span class='ocrx_word' id='word_1_50' title='bbox 592 435 696 456; x_wconf 83' lang='lat' dir='ltr'>arma</span> <span class='ocrx_word' id='word_1_51' title='bbox 719 424 854 464; x_wconf 86' lang='lat' dir='ltr'>virum,</span> <span class='ocrx_word' id='word_1_52' title='bbox 879 424 960 455; x_wconf 85' lang='lat' dir='ltr'>alias</span> <span class='ocrx_word' id='word_1_53' title='bbox 984 424 1017 454; x_wconf 88' lang='lat' dir='ltr'>in</span> <span class='ocrx_word' id='word_1_54' title='bbox 1042 425 1265 464; x_wconf 81' lang='lat' dir='ltr'>anapaestum,</span> <span class='ocrx_word' id='word_1_55' title='bbox 1289 425 1325 453; x_wconf 86' lang='lat' dir='ltr'>ut</span> <span class='ocrx_word' id='word_1_56' title='bbox 1345 423 1488 455; x_wconf 87' lang='lat' dir='ltr'>fluvio-</span> <span class='ocrx_word' id='word_1_57' title='bbox 1508 430 1523 453; x_wconf 89' lang='lat'>5</span> 
     </span>
     <span class='ocr_line' id='line_1_7' title="bbox 209 476 1489 517; baseline -0.002 -6"><span class='ocrx_word' id='word_1_58' title='bbox 209 490 290 511; x_wconf 84' lang='lat' dir='ltr'>rum</span> <span class='ocrx_word' id='word_1_59' title='bbox 313 490 379 510; x_wconf 80' lang='lat' dir='ltr'>rex</span> <span class='ocrx_word' id='word_1_60' title='bbox 397 479 600 510; x_wconf 81' lang='lat' dir='ltr'>Eridanus.</span> <span class='ocrx_word' id='word_1_61' title='bbox 637 477 801 508; x_wconf 84' lang='lat' dir='ltr'>sciendum</span> <span class='ocrx_word' id='word_1_62' title='bbox 821 488 910 517; x_wconf 81' lang='lat' dir='ltr'>sane,</span> <span class='ocrx_word' id='word_1_63' title='bbox 930 476 1112 517; x_wconf 78' lang='lat' dir='ltr'>Vergilium</span> <span class='ocrx_word' id='word_1_64' title='bbox 1136 477 1254 517; x_wconf 86' lang='lat' dir='ltr'>ubique</span> <span class='ocrx_word' id='word_1_65' title='bbox 1274 476 1307 506; x_wconf 88' lang='lat' dir='ltr'>in</span> <span class='ocrx_word' id='word_1_66' title='bbox 1327 476 1489 508; x_wconf 84' lang='lat' dir='ltr'>solutione</span> 
     </span>
     <span class='ocr_line' id='line_1_8' title="bbox 209 529 1437 571; baseline -0.003 -7"><span class='ocrx_word' id='word_1_67' title='bbox 209 532 273 564; x_wconf 86' lang='lat' dir='ltr'>ista</span> <span class='ocrx_word' id='word_1_68' title='bbox 297 543 424 564; x_wconf 86' lang='lat' dir='ltr'>servare</span> <span class='ocrx_word' id='word_1_69' title='bbox 449 532 513 571; x_wconf 86' lang='lat' dir='ltr'>sibi</span> <span class='ocrx_word' id='word_1_70' title='bbox 537 530 776 563; x_wconf 85' lang='lat' dir='ltr'>excusationem</span> <span class='ocrx_word' id='word_1_71' title='bbox 801 530 1005 571; x_wconf 81' lang='lat' dir='ltr'>synaliphae:</span> <span class='ocrx_word' id='word_1_72' title='bbox 1030 530 1114 571; x_wconf 90' lang='lat' dir='ltr'>quod</span> <span class='ocrx_word' id='word_1_73' title='bbox 1140 529 1195 560; x_wconf 86' lang='lat' dir='ltr'>alii</span> <span class='ocrx_word' id='word_1_74' title='bbox 1221 531 1437 560; x_wconf 84' lang='lat' dir='ltr'>contemnunt.</span> 
     </span>
    </p>

    <p class='ocr_par' dir='ltr' id='par_1_3' title="bbox 209 583 1542 892">
     <span class='ocr_line' id='line_1_9' title="bbox 301 583 1491 624; baseline -0.003 -7"><span class='ocrx_word' id='word_1_75' title='bbox 301 586 349 616; x_wconf 82' lang='lat'>17.</span> <span class='ocrx_word' id='word_1_76' title='bbox 387 593 508 616; x_wconf 85' lang='lat' dir='ltr'>VOTVM</span> <span class='ocrx_word' id='word_1_77' title='bbox 533 585 694 616; x_wconf 86' lang='lat' dir='ltr'>oblatum:</span> <span class='ocrx_word' id='word_1_78' title='bbox 724 594 799 614; x_wconf 80' lang='lat' dir='ltr'>nam</span> <span class='ocrx_word' id='word_1_79' title='bbox 824 583 1031 624; x_wconf 80' lang='lat' dir='ltr'>participium</span> <span class='ocrx_word' id='word_1_80' title='bbox 1056 585 1113 613; x_wconf 85' lang='lat' dir='ltr'>est.</span> <span class='ocrx_word' id='word_1_81' title='bbox 1211 595 1305 614; x_wconf 66' lang='lat' dir='ltr'>romu!</span> <span class='ocrx_word' id='word_1_82' title='bbox 1320 596 1340 614; x_wconf 82' lang='lat' dir='ltr'>P.</span> <span class='ocrx_word' id='word_1_83' title='bbox 1356 596 1380 614; x_wconf 76' lang='lat' dir='ltr'>R.</span> <span class='ocrx_word' id='word_1_84' title='bbox 1397 584 1433 621; x_wconf 79' lang='grc'>3.]</span> <span class='ocrx_word' id='word_1_85' title='bbox 1458 584 1491 614; x_wconf 59' lang='lat' dir='ltr'>«id</span> 
     </span>
     <span class='ocr_line' id='line_1_10' title="bbox 210 635 1489 678; baseline -0.004 -8"><span class='ocrx_word' id='word_1_86' title='bbox 210 641 255 671; x_wconf 72' lang='lat' dir='ltr'>esi</span> <span class='ocrx_word' id='word_1_87' title='bbox 276 639 389 670; x_wconf 80' lang='lat' dir='ltr'>vovisse</span> <span class='ocrx_word' id='word_1_88' title='bbox 405 648 466 678; x_wconf 72' lang='lat' dir='ltr'>pro</span> <span class='ocrx_word' id='word_1_89' title='bbox 489 638 597 669; x_wconf 70' lang='lat' dir='ltr'>redita.</span> <span class='ocrx_word' id='word_1_90' title='bbox 643 635 662 655; x_wconf 57' lang='lat'>&#39;⁴³</span> <span class='ocrx_word' id='word_1_91' title='bbox 671 637 783 668; x_wconf 77' lang='lat' dir='ltr'>Accius</span> <span class='ocrx_word' id='word_1_92' title='bbox 809 637 840 667; x_wconf 76' lang='lat' dir='ltr'>iii</span> <span class='ocrx_word' id='word_1_93' title='bbox 864 635 1020 675; x_wconf 73' lang='lat' dir='ltr'>Deiphobo</span> <span class='ocrx_word' id='word_1_94' title='bbox 1047 636 1229 676; x_wconf 66' lang='lat' dir='ltr'>inscriptum</span> <span class='ocrx_word' id='word_1_95' title='bbox 1252 636 1327 667; x_wconf 74' lang='lat' dir='ltr'>(licit</span> <span class='ocrx_word' id='word_1_96' title='bbox 1348 636 1393 667; x_wconf 82' lang='lat' dir='ltr'><em>M</em></span> <span class='ocrx_word' id='word_1_97' title='bbox 1395 636 1489 666; x_wconf 77' lang='grc'><strong>11181·-</strong></span> 
     </span>
     <span class='ocr_line' id='line_1_11' title="bbox 209 689 1542 731; baseline -0.006 -7"><span class='ocrx_word' id='word_1_98' title='bbox 209 703 272 724; x_wconf 82' lang='lat' dir='ltr'>vae</span> <span class='ocrx_word' id='word_1_99' title='bbox 295 693 428 724; x_wconf 73' lang='lat' dir='ltr'>donum</span> <span class='ocrx_word' id='word_1_100' title='bbox 451 692 715 731; x_wconf 63' lang='lat' dir='ltr'>armipotentes</span> <span class='ocrx_word' id='word_1_101' title='bbox 738 690 868 721; x_wconf 77' lang='lat' dir='ltr'>Danai</span> <span class='ocrx_word' id='word_1_102' title='bbox 896 689 1068 720; x_wconf 71' lang='lat' dir='ltr'>abeuntes</span> <span class='ocrx_word' id='word_1_103' title='bbox 1096 689 1260 720; x_wconf 58' lang='lat' dir='ltr'>(licantss</span> <span class='ocrx_word' id='word_1_104' title='bbox 1351 702 1387 720; x_wconf 69' lang='lat' dir='ltr'>EA</span> <span class='ocrx_word' id='word_1_105' title='bbox 1411 702 1488 720; x_wconf 65' lang='lat' dir='ltr'>FAMA</span> <span class='ocrx_word' id='word_1_106' title='bbox 1512 696 1542 717; x_wconf 87' lang='lat'>10</span> 
     </span>
     <span class='ocr_line' id='line_1_12' title="bbox 216 743 1490 783; baseline -0.004 -5"><span class='ocrx_word' id='word_1_107' title='bbox 216 758 347 778; x_wconf 62' lang='lat' dir='ltr'>memmi</span> <span class='ocrx_word' id='word_1_108' title='bbox 369 745 423 776; x_wconf 77' lang='lat' dir='ltr'>lioc</span> <span class='ocrx_word' id='word_1_109' title='bbox 449 747 493 776; x_wconf 78' lang='lat' dir='ltr'>esi</span> <span class='ocrx_word' id='word_1_110' title='bbox 519 745 634 775; x_wconf 69' lang='lat' dir='ltr'>reditus</span> <span class='ocrx_word' id='word_1_111' title='bbox 659 744 748 783; x_wconf 79' lang='lat' dir='ltr'>fama</span> <span class='ocrx_word' id='word_1_112' title='bbox 773 745 892 774; x_wconf 61' lang='lat' dir='ltr'>tantum</span> <span class='ocrx_word' id='word_1_113' title='bbox 914 743 988 783; x_wconf 69' lang='lat' dir='ltr'>fnit,</span> <span class='ocrx_word' id='word_1_114' title='bbox 1017 753 1078 774; x_wconf 78' lang='grc'><strong>11011</strong></span> <span class='ocrx_word' id='word_1_115' title='bbox 1106 745 1133 773; x_wconf 73' lang='lat' dir='ltr'>cl</span> <span class='ocrx_word' id='word_1_116' title='bbox 1159 743 1385 779; x_wconf 71' lang='lat' dir='ltr'>simulationis;</span> <span class='ocrx_word' id='word_1_117' title='bbox 1416 753 1490 773; x_wconf 69' lang='lat' dir='ltr'>iiam</span> 
     </span>
     <span class='ocr_line' id='line_1_13' title="bbox 211 792 1490 839; baseline -0.002 -9"><span class='ocrx_word' id='word_1_118' title='bbox 211 799 363 839; x_wconf 73' lang='lat' dir='ltr'>incipiuni</span> <span class='ocrx_word' id='word_1_119' title='bbox 398 801 425 829; x_wconf 74' lang='lat' dir='ltr'>ei</span> <span class='ocrx_word' id='word_1_120' title='bbox 461 797 593 829; x_wconf 75' lang='lat' dir='ltr'>insidiae</span> <span class='ocrx_word' id='word_1_121' title='bbox 623 797 796 837; x_wconf 72' lang='lat' dir='ltr'>patefactae</span> <span class='ocrx_word' id='word_1_122' title='bbox 831 792 909 827; x_wconf 51' lang='lat' dir='ltr'>esse(</span> <span class='ocrx_word' id='word_1_123' title='bbox 1004 805 1049 826; x_wconf 85' lang='lat' dir='ltr'>EA</span> <span class='ocrx_word' id='word_1_124' title='bbox 1082 804 1175 826; x_wconf 79' lang='lat' dir='ltr'>FAMA</span> <span class='ocrx_word' id='word_1_125' title='bbox 1207 804 1371 827; x_wconf 82' lang='lat' dir='ltr'><strong>VAGATVR</strong></span> <span class='ocrx_word' id='word_1_126' title='bbox 1409 796 1490 828; x_wconf 85' lang='lat' dir='ltr'>bene</span> 
     </span>
     <span class='ocr_line' id='line_1_14' title="bbox 213 849 832 892; baseline -0.005 -9"><span class='ocrx_word' id='word_1_127' title='bbox 213 853 356 892; x_wconf 85' lang='lat' dir='ltr'>excusat,</span> <span class='ocrx_word' id='word_1_128' title='bbox 380 862 419 882; x_wconf 89' lang='lat' dir='ltr'>ne</span> <span class='ocrx_word' id='word_1_129' title='bbox 443 862 516 882; x_wconf 87' lang='lat' dir='ltr'>reus</span> <span class='ocrx_word' id='word_1_130' title='bbox 541 851 585 881; x_wconf 85' lang='lat' dir='ltr'>sit</span> <span class='ocrx_word' id='word_1_131' title='bbox 609 849 832 882; x_wconf 82' lang='lat' dir='ltr'>conscientiae.</span> 
     </span>
    </p>

    <p class='ocr_par' dir='ltr' id='par_1_4' title="bbox 209 901 1545 1319">
     <span class='ocr_line' id='line_1_15' title="bbox 301 901 1490 945; baseline -0.003 -9"><span class='ocrx_word' id='word_1_132' title='bbox 301 905 350 936; x_wconf 83' lang='lat'>18.</span> <span class='ocrx_word' id='word_1_133' title='bbox 388 913 457 936; x_wconf 84' lang='lat' dir='ltr'>ch</span> <span class='ocrx_word' id='word_1_134' title='bbox 481 915 539 945; x_wconf 88' lang='lat' dir='ltr'>pro</span> <span class='ocrx_word' id='word_1_135' title='bbox 565 904 649 934; x_wconf 89' lang='lat' dir='ltr'>illuc.</span> <span class='ocrx_word' id='word_1_136' title='bbox 740 916 800 934; x_wconf 71' lang='lat' dir='ltr'>lll&#39;c&#39;</span> <span class='ocrx_word' id='word_1_137' title='bbox 821 903 855 934; x_wconf 80' lang='grc'>111</span> <span class='ocrx_word' id='word_1_138' title='bbox 878 913 1001 943; x_wconf 65' lang='lat' dir='ltr'>eqmzm,</span> <span class='ocrx_word' id='word_1_139' title='bbox 1031 902 1076 933; x_wconf 82' lang='lat' dir='ltr'>vel</span> <span class='ocrx_word' id='word_1_140' title='bbox 1103 903 1137 933; x_wconf 80' lang='grc'>111</span> <span class='ocrx_word' id='word_1_141' title='bbox 1165 901 1244 933; x_wconf 70' lang='lat' dir='ltr'>lianc</span> <span class='ocrx_word' id='word_1_142' title='bbox 1267 913 1338 933; x_wconf 81' lang='lat' dir='ltr'>rem.</span> <span class='ocrx_word' id='word_1_143' title='bbox 1389 930 1392 933; x_wconf 52' lang='lat'>.</span> <span class='ocrx_word' id='word_1_144' title='bbox 1430 911 1490 933; x_wconf 81' lang='lat' dir='ltr'>DE-</span> 
     </span>
     <span class='ocr_line' id='line_1_16' title="bbox 209 955 1544 990; baseline -0.003 0"><span class='ocrx_word' id='word_1_145' title='bbox 209 967 322 990; x_wconf 83' lang='lat' dir='ltr'><strong>LECTA</strong></span> <span class='ocrx_word' id='word_1_146' title='bbox 347 966 505 990; x_wconf 79' lang='lat' dir='ltr'><strong>CORPORA</strong></span> <span class='ocrx_word' id='word_1_147' title='bbox 530 957 728 988; x_wconf 83' lang='lat' dir='ltr'>delectorum</span> <span class='ocrx_word' id='word_1_148' title='bbox 752 957 903 988; x_wconf 83' lang='lat' dir='ltr'>virorum.</span> <span class='ocrx_word' id='word_1_149' title='bbox 995 965 1133 987; x_wconf 84' lang='lat' dir='ltr'>SORTITI</span> <span class='ocrx_word' id='word_1_150' title='bbox 1159 956 1322 987; x_wconf 78' lang='lat' dir='ltr'>contraria</span> <span class='ocrx_word' id='word_1_151' title='bbox 1347 958 1422 987; x_wconf 79' lang='lat' dir='ltr'>sunt</span> <span class='ocrx_word' id='word_1_152' title='bbox 1445 955 1490 986; x_wconf 88' lang='lat' dir='ltr'>di·</span> <span class='ocrx_word' id='word_1_153' title='bbox 1514 962 1544 984; x_wconf 79' lang='lat'>15</span> 
     </span>
     <span class='ocr_line' id='line_1_17' title="bbox 212 1009 1491 1050; baseline -0.003 -7"><span class='ocrx_word' id='word_1_154' title='bbox 212 1013 314 1043; x_wconf 82' lang='lat' dir='ltr'>lectus</span> <span class='ocrx_word' id='word_1_155' title='bbox 344 1013 376 1042; x_wconf 91' lang='lat' dir='ltr'>et</span> <span class='ocrx_word' id='word_1_156' title='bbox 405 1011 550 1042; x_wconf 84' lang='lat' dir='ltr'>sortitus.</span> <span class='ocrx_word' id='word_1_157' title='bbox 597 1010 651 1041; x_wconf 88' lang='lat' dir='ltr'>sed</span> <span class='ocrx_word' id='word_1_158' title='bbox 680 1009 912 1050; x_wconf 79' lang='lat' dir='ltr'>intellegimus,</span> <span class='ocrx_word' id='word_1_159' title='bbox 941 1009 1051 1049; x_wconf 84' lang='lat' dir='ltr'>plures</span> <span class='ocrx_word' id='word_1_160' title='bbox 1081 1009 1210 1050; x_wconf 85' lang='lat' dir='ltr'>quidem</span> <span class='ocrx_word' id='word_1_161' title='bbox 1240 1009 1373 1049; x_wconf 76' lang='lat' dir='ltr'>electos,</span> <span class='ocrx_word' id='word_1_162' title='bbox 1405 1011 1491 1040; x_wconf 83' lang='lat' dir='ltr'>sorte</span> 
     </span>
     <span class='ocr_line' id='line_1_18' title="bbox 210 1062 1491 1104; baseline -0.002 -8"><span class='ocrx_word' id='word_1_163' title='bbox 210 1068 320 1097; x_wconf 86' lang='lat' dir='ltr'>tamen</span> <span class='ocrx_word' id='word_1_164' title='bbox 351 1075 389 1095; x_wconf 83' lang='lat' dir='ltr'>ex</span> <span class='ocrx_word' id='word_1_165' title='bbox 419 1064 498 1104; x_wconf 85' lang='lat' dir='ltr'>ipsis</span> <span class='ocrx_word' id='word_1_166' title='bbox 528 1063 654 1103; x_wconf 86' lang='lat' dir='ltr'>ductos,</span> <span class='ocrx_word' id='word_1_167' title='bbox 686 1063 740 1103; x_wconf 92' lang='lat' dir='ltr'>qui</span> <span class='ocrx_word' id='word_1_168' title='bbox 769 1062 1019 1094; x_wconf 81' lang='lat' dir='ltr'>includerentur.</span> <span class='ocrx_word' id='word_1_169' title='bbox 1110 1072 1221 1094; x_wconf 81' lang='lat' dir='ltr'>VIRVM</span> <span class='ocrx_word' id='word_1_170' title='bbox 1251 1073 1309 1103; x_wconf 91' lang='lat' dir='ltr'>pro</span> <span class='ocrx_word' id='word_1_171' title='bbox 1340 1063 1491 1099; x_wconf 84' lang='lat' dir='ltr'>virorum,</span> 
     </span>
     <span class='ocr_line' id='line_1_19' title="bbox 211 1116 1494 1160; baseline -0.002 -11"><span class='ocrx_word' id='word_1_172' title='bbox 211 1130 275 1160; x_wconf 87' lang='lat' dir='ltr'>qua</span> <span class='ocrx_word' id='word_1_173' title='bbox 298 1119 403 1159; x_wconf 83' lang='lat' dir='ltr'>figura</span> <span class='ocrx_word' id='word_1_174' title='bbox 427 1119 460 1148; x_wconf 87' lang='lat' dir='ltr'>et</span> <span class='ocrx_word' id='word_1_175' title='bbox 483 1116 517 1147; x_wconf 86' lang='lat' dir='ltr'>in</span> <span class='ocrx_word' id='word_1_176' title='bbox 544 1128 642 1158; x_wconf 86' lang='lat' dir='ltr'>prosa</span> <span class='ocrx_word' id='word_1_177' title='bbox 666 1117 795 1147; x_wconf 87' lang='lat' dir='ltr'>utimur.</span> <span class='ocrx_word' id='word_1_178' title='bbox 843 1117 922 1147; x_wconf 86' lang='lat' dir='ltr'>dicit</span> <span class='ocrx_word' id='word_1_179' title='bbox 950 1127 1026 1147; x_wconf 87' lang='lat' dir='ltr'>sane</span> <span class='ocrx_word' id='word_1_180' title='bbox 1050 1116 1175 1147; x_wconf 78' lang='lat' dir='ltr'>Plinius</span> <span class='ocrx_word' id='word_1_181' title='bbox 1205 1116 1252 1155; x_wconf 86' lang='lat' dir='ltr'>[in</span> <span class='ocrx_word' id='word_1_182' title='bbox 1276 1116 1417 1148; x_wconf 83' lang='lat' dir='ltr'>naturali</span> <span class='ocrx_word' id='word_1_183' title='bbox 1446 1116 1494 1147; x_wconf 83' lang='lat' dir='ltr'>hi-</span> 
     </span>
     <span class='ocr_line' id='line_1_20' title="bbox 211 1169 1491 1211; baseline -0.002 -8"><span class='ocrx_word' id='word_1_184' title='bbox 211 1172 325 1211; x_wconf 88' lang='lat' dir='ltr'>storia]</span> <span class='ocrx_word' id='word_1_185' title='bbox 355 1171 417 1202; x_wconf 89' lang='lat' dir='ltr'>hoc</span> <span class='ocrx_word' id='word_1_186' title='bbox 445 1171 478 1201; x_wconf 89' lang='lat' dir='ltr'>in</span> <span class='ocrx_word' id='word_1_187' title='bbox 502 1173 616 1202; x_wconf 89' lang='lat' dir='ltr'>neutro</span> <span class='ocrx_word' id='word_1_188' title='bbox 640 1181 705 1201; x_wconf 91' lang='lat' dir='ltr'>non</span> <span class='ocrx_word' id='word_1_189' title='bbox 730 1180 799 1200; x_wconf 88' lang='lat' dir='ltr'>esse</span> <span class='ocrx_word' id='word_1_190' title='bbox 829 1169 1022 1209; x_wconf 83' lang='lat' dir='ltr'>faciendum,</span> <span class='ocrx_word' id='word_1_191' title='bbox 1052 1170 1176 1201; x_wconf 86' lang='lat' dir='ltr'>scilicet</span> <span class='ocrx_word' id='word_1_192' title='bbox 1204 1172 1337 1210; x_wconf 88' lang='lat' dir='ltr'>propter</span> <span class='ocrx_word' id='word_1_193' title='bbox 1361 1181 1491 1200; x_wconf 82' lang='lat' dir='ltr'>casuum</span> 
     </span>
     <span class='ocr_line' id='line_1_21' title="bbox 211 1223 1545 1265; baseline -0.001 -9"><span class='ocrx_word' id='word_1_194' title='bbox 211 1225 471 1265; x_wconf 82' lang='lat' dir='ltr'>similitudinem,</span> <span class='ocrx_word' id='word_1_195' title='bbox 503 1224 567 1255; x_wconf 82' lang='lat' dir='ltr'>nisi</span> <span class='ocrx_word' id='word_1_196' title='bbox 599 1224 683 1254; x_wconf 86' lang='lat' dir='ltr'>forte</span> <span class='ocrx_word' id='word_1_197' title='bbox 716 1223 818 1253; x_wconf 86' lang='lat' dir='ltr'>nimia</span> <span class='ocrx_word' id='word_1_198' title='bbox 851 1223 945 1254; x_wconf 88' lang='lat' dir='ltr'>metri</span> <span class='ocrx_word' id='word_1_199' title='bbox 979 1223 1153 1254; x_wconf 79' lang='lat' dir='ltr'>necessitas</span> <span class='ocrx_word' id='word_1_200' title='bbox 1185 1225 1289 1264; x_wconf 82' lang='lat' dir='ltr'>cogat.</span> <span class='ocrx_word' id='word_1_201' title='bbox 1381 1236 1493 1254; x_wconf 70' lang='lat' dir='ltr'>Frnrm</span> <span class='ocrx_word' id='word_1_202' title='bbox 1512 1228 1545 1251; x_wconf 74' lang='lat'>20</span> 
     </span>
     <span class='ocr_line' id='line_1_22' title="bbox 212 1271 1493 1319; baseline -0.002 -9"><span class='ocrx_word' id='word_1_203' title='bbox 212 1289 288 1310; x_wconf 79' lang='lat' dir='ltr'>mim</span> <span class='ocrx_word' id='word_1_204' title='bbox 311 1289 332 1309; x_wconf 90' lang='lat' dir='ltr'>a</span> <span class='ocrx_word' id='word_1_205' title='bbox 352 1278 451 1319; x_wconf 73' lang='lat' dir='ltr'>plebe,</span> <span class='ocrx_word' id='word_1_206' title='bbox 479 1271 533 1308; x_wconf 73' lang='lat' dir='ltr'>lioc</span> <span class='ocrx_word' id='word_1_207' title='bbox 561 1280 604 1308; x_wconf 76' lang='lat' dir='ltr'>est</span> <span class='ocrx_word' id='word_1_208' title='bbox 631 1277 715 1307; x_wconf 72' lang='lat' dir='ltr'>millo</span> <span class='ocrx_word' id='word_1_209' title='bbox 743 1277 866 1316; x_wconf 71' lang='lat' dir='ltr'>sciente,</span> <span class='ocrx_word' id='word_1_210' title='bbox 895 1277 928 1307; x_wconf 75' lang='lat' dir='ltr'>icl</span> <span class='ocrx_word' id='word_1_211' title='bbox 954 1279 997 1307; x_wconf 74' lang='lat' dir='ltr'>est</span> <span class='ocrx_word' id='word_1_212' title='bbox 1025 1276 1173 1307; x_wconf 71' lang='lat' dir='ltr'>latenter?</span> <span class='ocrx_word' id='word_1_213' title='bbox 1220 1286 1294 1307; x_wconf 68' lang='lat' dir='ltr'>iiam</span> <span class='ocrx_word' id='word_1_214' title='bbox 1318 1278 1345 1307; x_wconf 74' lang='lat' dir='ltr'>et</span> <span class='ocrx_word' id='word_1_215' title='bbox 1371 1276 1493 1315; x_wconf 70' lang='lat' dir='ltr'>furiam</span> 
     </span>
    </p>
   </div>
   <div class='ocr_carea' id='block_1_3' title="bbox 213 1390 1495 1638">
    <p class='ocr_par' dir='ltr' id='par_1_5' title="bbox 213 1390 1495 1638">
     <span class='ocr_line' id='line_1_23' title="bbox 283 1390 1493 1425; baseline -0.002 -7"><span class='ocrx_word' id='word_1_216' title='bbox 283 1396 299 1418; x_wconf 85' lang='lat'>4</span> <span class='ocrx_word' id='word_1_217' title='bbox 323 1402 418 1418; x_wconf 55' lang='lat' dir='ltr'>amma</span> <span class='ocrx_word' id='word_1_218' title='bbox 443 1391 544 1418; x_wconf 90' lang='lat' dir='ltr'>solutio</span> <span class='ocrx_word' id='word_1_219' title='bbox 572 1392 615 1417; x_wconf 84' lang='lat' dir='ltr'>est</span> <span class='ocrx_word' id='word_1_220' title='bbox 634 1412 639 1417; x_wconf 90' lang='lat'>.</span> <span class='ocrx_word' id='word_1_221' title='bbox 662 1412 667 1417; x_wconf 88' lang='lat'>.</span> <span class='ocrx_word' id='word_1_222' title='bbox 689 1412 694 1417; x_wconf 92' lang='lat'>.</span> <span class='ocrx_word' id='word_1_223' title='bbox 716 1391 909 1425; x_wconf 87' lang='lat' dir='ltr'>contemnunt]</span> <span class='ocrx_word' id='word_1_224' title='bbox 936 1391 969 1417; x_wconf 90' lang='lat' dir='ltr'>cf.</span> <span class='ocrx_word' id='word_1_225' title='bbox 992 1391 1103 1417; x_wconf 81' lang='lat' dir='ltr'>Servius</span> <span class='ocrx_word' id='word_1_226' title='bbox 1128 1399 1226 1416; x_wconf 66' lang='lat' dir='ltr'>comm⁴</span> <span class='ocrx_word' id='word_1_227' title='bbox 1248 1390 1276 1416; x_wconf 87' lang='lat' dir='ltr'>in</span> <span class='ocrx_word' id='word_1_228' title='bbox 1296 1390 1365 1416; x_wconf 83' lang='lat' dir='ltr'>Don.</span> <span class='ocrx_word' id='word_1_229' title='bbox 1385 1399 1411 1423; x_wconf 82' lang='lat' dir='ltr'>p.</span> <span class='ocrx_word' id='word_1_230' title='bbox 1433 1393 1493 1423; x_wconf 80' lang='lat'>425,</span> 
     </span>
     <span class='ocr_line' id='line_1_24' title="bbox 214 1425 1493 1461; baseline -0.003 -6"><span class='ocrx_word' id='word_1_231' title='bbox 214 1432 246 1455; x_wconf 82' lang='lat'>14</span> <span class='ocrx_word' id='word_1_232' title='bbox 265 1429 296 1455; x_wconf 85' lang='lat' dir='ltr'>K.</span> <span class='ocrx_word' id='word_1_233' title='bbox 324 1428 401 1454; x_wconf 76' lang='lat' dir='ltr'>‘nam</span> <span class='ocrx_word' id='word_1_234' title='bbox 424 1436 474 1461; x_wconf 90' lang='lat' dir='ltr'>pro</span> <span class='ocrx_word' id='word_1_235' title='bbox 500 1427 635 1461; x_wconf 83' lang='lat' dir='ltr'>spondeo,</span> <span class='ocrx_word' id='word_1_236' title='bbox 661 1427 707 1460; x_wconf 88' lang='lat' dir='ltr'>qui</span> <span class='ocrx_word' id='word_1_237' title='bbox 731 1426 874 1460; x_wconf 80' lang='lat' dir='ltr'>legitimus</span> <span class='ocrx_word' id='word_1_238' title='bbox 899 1428 942 1452; x_wconf 79' lang='lat' dir='ltr'>est</span> <span class='ocrx_word' id='word_1_239' title='bbox 965 1435 1059 1452; x_wconf 85' lang='lat' dir='ltr'>versus</span> <span class='ocrx_word' id='word_1_240' title='bbox 1083 1426 1202 1458; x_wconf 82' lang='lat' dir='ltr'>heroici,</span> <span class='ocrx_word' id='word_1_241' title='bbox 1226 1425 1384 1452; x_wconf 82' lang='lat' dir='ltr'>invenimus</span> <span class='ocrx_word' id='word_1_242' title='bbox 1408 1426 1493 1452; x_wconf 87' lang='lat' dir='ltr'>etiam</span> 
     </span>
     <span class='ocr_line' id='line_1_25' title="bbox 213 1461 1495 1497; baseline -0.002 -8"><span class='ocrx_word' id='word_1_243' title='bbox 213 1463 355 1497; x_wconf 82' lang='lat' dir='ltr'>dactylum</span> <span class='ocrx_word' id='word_1_244' title='bbox 379 1463 515 1496; x_wconf 84' lang='lat' dir='ltr'>positum,</span> <span class='ocrx_word' id='word_1_245' title='bbox 539 1463 570 1488; x_wconf 92' lang='lat' dir='ltr'>ut</span> <span class='ocrx_word' id='word_1_246' title='bbox 596 1462 685 1488; x_wconf 83' lang='lat' dir='ltr'>‘arma</span> <span class='ocrx_word' id='word_1_247' title='bbox 708 1463 852 1494; x_wconf 85' lang='lat' dir='ltr'>virumque</span> <span class='ocrx_word' id='word_1_248' title='bbox 872 1461 964 1494; x_wconf 82' lang='lat' dir='ltr'>eano&#39;,</span> <span class='ocrx_word' id='word_1_249' title='bbox 987 1470 1042 1488; x_wconf 89' lang='lat' dir='ltr'>non</span> <span class='ocrx_word' id='word_1_250' title='bbox 1066 1470 1217 1494; x_wconf 87' lang='lat' dir='ltr'>numquam</span> <span class='ocrx_word' id='word_1_251' title='bbox 1243 1462 1438 1494; x_wconf 81' lang='lat' dir='ltr'>anapaestum,</span> <span class='ocrx_word' id='word_1_252' title='bbox 1463 1463 1495 1487; x_wconf 86' lang='lat' dir='ltr'>ut</span> 
     </span>
     <span class='ocr_line' id='line_1_26' title="bbox 214 1497 1495 1530; baseline -0.002 -5"><span class='ocrx_word' id='word_1_253' title='bbox 214 1499 378 1525; x_wconf 84' lang='lat' dir='ltr'>‘fluviorum</span> <span class='ocrx_word' id='word_1_254' title='bbox 401 1506 448 1524; x_wconf 86' lang='lat' dir='ltr'>rex</span> <span class='ocrx_word' id='word_1_255' title='bbox 473 1497 636 1530; x_wconf 82' lang='lat' dir='ltr'>Eridanus’,</span> <span class='ocrx_word' id='word_1_256' title='bbox 663 1497 814 1530; x_wconf 84' lang='lat' dir='ltr'>aliquando</span> <span class='ocrx_word' id='word_1_257' title='bbox 838 1497 1116 1530; x_wconf 83' lang='lat' dir='ltr'>proceleumaticum,</span> <span class='ocrx_word' id='word_1_258' title='bbox 1140 1499 1172 1523; x_wconf 78' lang='lat' dir='ltr'>ut</span> <span class='ocrx_word' id='word_1_259' title='bbox 1197 1497 1304 1530; x_wconf 82' lang='lat' dir='ltr'>‘genua</span> <span class='ocrx_word' id='word_1_260' title='bbox 1327 1497 1439 1522; x_wconf 84' lang='lat' dir='ltr'>labant&#39;</span> <span class='ocrx_word' id='word_1_261' title='bbox 1467 1498 1495 1523; x_wconf 88' lang='lat' dir='ltr'>et</span> 
     </span>
     <span class='ocr_line' id='line_1_27' title="bbox 215 1532 1492 1567; baseline -0.002 -7"><span class='ocrx_word' id='word_1_262' title='bbox 215 1534 330 1561; x_wconf 75' lang='lat' dir='ltr'>‘arietat</span> <span class='ocrx_word' id='word_1_263' title='bbox 347 1534 377 1560; x_wconf 88' lang='lat' dir='ltr'>in</span> <span class='ocrx_word' id='word_1_264' title='bbox 395 1533 500 1567; x_wconf 80' lang='lat' dir='ltr'>portas’</span> <span class='ocrx_word' id='word_1_265' title='bbox 523 1534 552 1559; x_wconf 87' lang='lat' dir='ltr'>et</span> <span class='ocrx_word' id='word_1_266' title='bbox 572 1533 675 1559; x_wconf 79' lang='lat' dir='ltr'>‘abiete</span> <span class='ocrx_word' id='word_1_267' title='bbox 691 1533 803 1559; x_wconf 81' lang='lat' dir='ltr'>costas’.</span> <span class='ocrx_word' id='word_1_268' title='bbox 824 1534 852 1558; x_wconf 90' lang='lat' dir='ltr'>et</span> <span class='ocrx_word' id='word_1_269' title='bbox 867 1533 930 1559; x_wconf 87' lang='lat' dir='ltr'>Isid.</span> <span class='ocrx_word' id='word_1_270' title='bbox 947 1533 1014 1567; x_wconf 85' lang='lat' dir='ltr'>orig.</span> <span class='ocrx_word' id='word_1_271' title='bbox 1032 1533 1043 1558; x_wconf 93' lang='grc' dir='ltr'>Ι</span> <span class='ocrx_word' id='word_1_272' title='bbox 1059 1536 1100 1564; x_wconf 84' lang='grc'>16,</span> <span class='ocrx_word' id='word_1_273' title='bbox 1116 1536 1148 1559; x_wconf 76' lang='grc'>28</span> <span class='ocrx_word' id='word_1_274' title='bbox 1163 1534 1172 1566; x_wconf 77' lang='grc' dir='ltr'>[Ι</span> <span class='ocrx_word' id='word_1_275' title='bbox 1187 1536 1201 1558; x_wconf 84' lang='lat'>5</span> <span class='ocrx_word' id='word_1_276' title='bbox 1217 1532 1377 1566; x_wconf 81' lang='lat' dir='ltr'>fluviorum]</span> <span class='ocrx_word' id='word_1_277' title='bbox 1398 1540 1492 1566; x_wconf 85' lang='lat' dir='ltr'>georg.</span> 
     </span>
     <span class='ocr_line' id='line_1_28' title="bbox 214 1568 1493 1603; baseline -0.001 -8"><span class='ocrx_word' id='word_1_278' title='bbox 214 1570 225 1595; x_wconf 89' lang='lat'>1</span> <span class='ocrx_word' id='word_1_279' title='bbox 245 1572 296 1596; x_wconf 82' lang='lat'>482</span> <span class='ocrx_word' id='word_1_280' title='bbox 311 1571 320 1603; x_wconf 83' lang='grc' dir='ltr'>ΙΙ</span> <span class='ocrx_word' id='word_1_281' title='bbox 335 1572 349 1595; x_wconf 88' lang='grc'><strong>9</strong></span> <span class='ocrx_word' id='word_1_282' title='bbox 369 1569 470 1595; x_wconf 83' lang='grc' dir='ltr'><strong>Αο01113</strong></span> <span class='ocrx_word' id='word_1_283' title='bbox 489 1569 518 1595; x_wconf 83' lang='grc'>111</span> <span class='ocrx_word' id='word_1_284' title='bbox 533 1568 690 1602; x_wconf 87' lang='lat' dir='ltr'>Deiphobo]</span> <span class='ocrx_word' id='word_1_285' title='bbox 711 1569 782 1602; x_wconf 83' lang='lat' dir='ltr'>trag.</span> <span class='ocrx_word' id='word_1_286' title='bbox 798 1568 876 1595; x_wconf 87' lang='lat' dir='ltr'>Rom.</span> <span class='ocrx_word' id='word_1_287' title='bbox 895 1568 994 1602; x_wconf 78' lang='lat' dir='ltr'>fragm.</span> <span class='ocrx_word' id='word_1_288' title='bbox 1010 1577 1064 1594; x_wconf 85' lang='lat' dir='ltr'>rec.</span> <span class='ocrx_word' id='word_1_289' title='bbox 1081 1568 1110 1594; x_wconf 89' lang='lat' dir='ltr'>O.</span> <span class='ocrx_word' id='word_1_290' title='bbox 1128 1568 1254 1594; x_wconf 83' lang='lat' dir='ltr'>Ribbeck</span> <span class='ocrx_word' id='word_1_291' title='bbox 1273 1577 1300 1601; x_wconf 88' lang='lat' dir='ltr'>p.</span> <span class='ocrx_word' id='word_1_292' title='bbox 1317 1571 1366 1594; x_wconf 74' lang='lat'>152</span> <span class='ocrx_word' id='word_1_293' title='bbox 1388 1568 1428 1594; x_wconf 91' lang='lat' dir='ltr'>ed.</span> <span class='ocrx_word' id='word_1_294' title='bbox 1446 1568 1493 1600; x_wconf 42' lang='lat'>114</span> 
     </span>
     <span class='ocr_line' id='line_1_29' title="bbox 216 1603 1306 1638; baseline -0.002 -7"><span class='ocrx_word' id='word_1_295' title='bbox 216 1609 249 1631; x_wconf 76' lang='lat'>21</span> <span class='ocrx_word' id='word_1_296' title='bbox 269 1613 334 1631; x_wconf 85' lang='lat' dir='ltr'>nam</span> <span class='ocrx_word' id='word_1_297' title='bbox 354 1606 382 1631; x_wconf 91' lang='lat' dir='ltr'>et</span> <span class='ocrx_word' id='word_1_298' title='bbox 399 1605 505 1630; x_wconf 80' lang='lat' dir='ltr'>furtum</span> <span class='ocrx_word' id='word_1_299' title='bbox 524 1626 529 1630; x_wconf 92' lang='lat'>.</span> <span class='ocrx_word' id='word_1_300' title='bbox 552 1625 556 1630; x_wconf 90' lang='lat'>.</span> <span class='ocrx_word' id='word_1_301' title='bbox 579 1625 584 1629; x_wconf 95' lang='lat'>.</span> <span class='ocrx_word' id='word_1_302' title='bbox 605 1603 755 1638; x_wconf 85' lang='lat' dir='ltr'>subripuit]</span> <span class='ocrx_word' id='word_1_303' title='bbox 776 1603 810 1630; x_wconf 85' lang='lat' dir='ltr'>cf.</span> <span class='ocrx_word' id='word_1_304' title='bbox 831 1604 894 1630; x_wconf 86' lang='lat' dir='ltr'>Isid.</span> <span class='ocrx_word' id='word_1_305' title='bbox 915 1604 981 1638; x_wconf 85' lang='lat' dir='ltr'>orig.</span> <span class='ocrx_word' id='word_1_306' title='bbox 1004 1604 1027 1629; x_wconf 97' lang='lat' dir='ltr'>V</span> <span class='ocrx_word' id='word_1_307' title='bbox 1048 1607 1090 1636; x_wconf 75' lang='lat'>26,</span> <span class='ocrx_word' id='word_1_308' title='bbox 1113 1607 1143 1630; x_wconf 84' lang='lat'>18</span> <span class='ocrx_word' id='word_1_309' title='bbox 1164 1604 1192 1629; x_wconf 84' lang='lat' dir='ltr'>et</span> <span class='ocrx_word' id='word_1_310' title='bbox 1211 1603 1236 1629; x_wconf 77' lang='lat' dir='ltr'>X</span> <span class='ocrx_word' id='word_1_311' title='bbox 1257 1606 1306 1629; x_wconf 85' lang='grc'>106</span> 
     </span>
    </p>
   </div>
   <div class='ocr_carea' id='block_1_4' title="bbox 212 1709 1495 2382">
    <p class='ocr_par' dir='ltr' id='par_1_6' title="bbox 212 1709 1495 2382">
     <span class='ocr_line' id='line_1_30' title="bbox 284 1709 1491 1744; baseline -0.002 -7"><span class='ocrx_word' id='word_1_312' title='bbox 284 1715 299 1738; x_wconf 82' lang='grc'>2</span> <span class='ocrx_word' id='word_1_313' title='bbox 318 1711 458 1737; x_wconf 79' lang='lat' dir='ltr'>fraudium</span> <span class='ocrx_word' id='word_1_314' title='bbox 478 1711 503 1736; x_wconf 91' lang='lat' dir='ltr'><em>L</em></span> <span class='ocrx_word' id='word_1_315' title='bbox 524 1712 532 1744; x_wconf 86' lang='grc' dir='ltr'>ΙΙ</span> <span class='ocrx_word' id='word_1_316' title='bbox 558 1711 573 1736; x_wconf 88' lang='lat'><strong>3</strong></span> <span class='ocrx_word' id='word_1_317' title='bbox 593 1710 768 1744; x_wconf 87' lang='lat' dir='ltr'>interimunt]</span> <span class='ocrx_word' id='word_1_318' title='bbox 789 1710 860 1736; x_wconf 89' lang='lat' dir='ltr'>unde</span> <span class='ocrx_word' id='word_1_319' title='bbox 881 1709 1019 1736; x_wconf 84' lang='lat' dir='ltr'>Martialis</span> <span class='ocrx_word' id='word_1_320' title='bbox 1039 1710 1115 1743; x_wconf 81' lang='lat' dir='ltr'>(XIII</span> <span class='ocrx_word' id='word_1_321' title='bbox 1136 1712 1179 1743; x_wconf 76' lang='lat'>25)</span> <span class='ocrx_word' id='word_1_322' title='bbox 1201 1710 1297 1743; x_wconf 75' lang='lat' dir='ltr'>‘poma</span> <span class='ocrx_word' id='word_1_323' title='bbox 1316 1730 1321 1735; x_wconf 91' lang='lat'>.</span> <span class='ocrx_word' id='word_1_324' title='bbox 1344 1730 1349 1736; x_wconf 92' lang='lat'>.</span> <span class='ocrx_word' id='word_1_325' title='bbox 1370 1730 1375 1735; x_wconf 92' lang='lat'>.</span> <span class='ocrx_word' id='word_1_326' title='bbox 1397 1709 1491 1743; x_wconf 81' lang='lat' dir='ltr'>caput&#39;</span> 
     </span>
     <span class='ocr_line' id='line_1_31' title="bbox 214 1745 1494 1779; baseline -0.002 -6"><span class='ocrx_word' id='word_1_327' title='bbox 214 1748 276 1773; x_wconf 80' lang='lat' dir='ltr'>add.</span> <span class='ocrx_word' id='word_1_328' title='bbox 298 1747 453 1773; x_wconf 76' lang='lat' dir='ltr'>Masvicz&#39;us</span> <span class='ocrx_word' id='word_1_329' title='bbox 473 1748 482 1779; x_wconf 74' lang='lat' dir='ltr'>u</span> <span class='ocrx_word' id='word_1_330' title='bbox 506 1749 521 1772; x_wconf 83' lang='grc'>4</span> <span class='ocrx_word' id='word_1_331' title='bbox 541 1754 607 1772; x_wconf 84' lang='lat' dir='ltr'>sane</span> <span class='ocrx_word' id='word_1_332' title='bbox 627 1746 702 1771; x_wconf 83' lang='lat' dir='ltr'>abite</span> <span class='ocrx_word' id='word_1_333' title='bbox 723 1746 745 1771; x_wconf 81' lang='lat' dir='ltr'><em>C</em></span> <span class='ocrx_word' id='word_1_334' title='bbox 763 1746 866 1779; x_wconf 84' lang='lat' dir='ltr'>(abiete</span> <span class='ocrx_word' id='word_1_335' title='bbox 886 1745 930 1775; x_wconf 74' lang='lat'>02)</span> <span class='ocrx_word' id='word_1_336' title='bbox 950 1747 958 1779; x_wconf 91' lang='grc' dir='ltr'>ΙΙ</span> <span class='ocrx_word' id='word_1_337' title='bbox 982 1754 1054 1771; x_wconf 82' lang='grc'><strong>1111110</strong></span> <span class='ocrx_word' id='word_1_338' title='bbox 1074 1754 1123 1771; x_wconf 87' lang='lat' dir='ltr'>om.</span> <span class='ocrx_word' id='word_1_339' title='bbox 1144 1745 1168 1770; x_wconf 92' lang='lat' dir='ltr'><em>L</em></span> <span class='ocrx_word' id='word_1_340' title='bbox 1187 1746 1195 1778; x_wconf 83' lang='grc' dir='ltr'>ΙΙ</span> <span class='ocrx_word' id='word_1_341' title='bbox 1216 1745 1285 1771; x_wconf 81' lang='lat' dir='ltr'>alias</span> <span class='ocrx_word' id='word_1_342' title='bbox 1305 1745 1333 1771; x_wconf 90' lang='lat' dir='ltr'>in</span> <span class='ocrx_word' id='word_1_343' title='bbox 1352 1745 1494 1778; x_wconf 77' lang='lat' dir='ltr'>dactylum</span> 
     </span>
     <span class='ocr_line' id='line_1_32' title="bbox 214 1780 1493 1815; baseline -0.002 -7"><span class='ocrx_word' id='word_1_344' title='bbox 214 1791 262 1808; x_wconf 85' lang='lat' dir='ltr'>om.</span> <span class='ocrx_word' id='word_1_345' title='bbox 284 1782 434 1815; x_wconf 85' lang='lat' dir='ltr'>LHME,</span> <span class='ocrx_word' id='word_1_346' title='bbox 453 1782 499 1808; x_wconf 82' lang='lat' dir='ltr'>sed</span> <span class='ocrx_word' id='word_1_347' title='bbox 518 1782 608 1808; x_wconf 80' lang='lat' dir='ltr'>Servii</span> <span class='ocrx_word' id='word_1_348' title='bbox 626 1783 742 1814; x_wconf 69' lang='grc' dir='ltr'><strong>3111111Ιό</strong></span> <span class='ocrx_word' id='word_1_349' title='bbox 762 1781 881 1814; x_wconf 86' lang='lat' dir='ltr'>uirumq·</span> <span class='ocrx_word' id='word_1_350' title='bbox 903 1780 926 1807; x_wconf 82' lang='lat' dir='ltr'><strong><em>G</em></strong></span> <span class='ocrx_word' id='word_1_351' title='bbox 942 1783 1022 1814; x_wconf 83' lang='lat' dir='ltr'>(cano</span> <span class='ocrx_word' id='word_1_352' title='bbox 1041 1780 1131 1806; x_wconf 86' lang='lat' dir='ltr'>troiae</span> <span class='ocrx_word' id='word_1_353' title='bbox 1150 1790 1175 1814; x_wconf 90' lang='lat' dir='ltr'>q.</span> <span class='ocrx_word' id='word_1_354' title='bbox 1195 1790 1222 1814; x_wconf 91' lang='lat' dir='ltr'>p.</span> <span class='ocrx_word' id='word_1_355' title='bbox 1243 1789 1266 1806; x_wconf 91' lang='lat' dir='ltr'>a.</span> <span class='ocrx_word' id='word_1_356' title='bbox 1288 1789 1311 1807; x_wconf 90' lang='lat' dir='ltr'>o.</span> <span class='ocrx_word' id='word_1_357' title='bbox 1332 1789 1407 1814; x_wconf 77' lang='lat' dir='ltr'>supr.</span> <span class='ocrx_word' id='word_1_358' title='bbox 1429 1789 1493 1806; x_wconf 69' lang='lat' dir='ltr'>vers</span> 
     </span>
     <span class='ocr_line' id='line_1_33' title="bbox 215 1816 1490 1850; baseline -0.002 -6"><span class='ocrx_word' id='word_1_359' title='bbox 215 1818 277 1844; x_wconf 79' lang='lat' dir='ltr'>add.</span> <span class='ocrx_word' id='word_1_360' title='bbox 294 1817 338 1850; x_wconf 78' lang='lat'>02)</span> <span class='ocrx_word' id='word_1_361' title='bbox 359 1826 437 1843; x_wconf 83' lang='lat' dir='ltr'>arma</span> <span class='ocrx_word' id='word_1_362' title='bbox 456 1817 544 1843; x_wconf 87' lang='lat' dir='ltr'>virum</span> <span class='ocrx_word' id='word_1_363' title='bbox 563 1817 741 1850; x_wconf 82' lang='lat' dir='ltr'>tabulaeque</span> <span class='ocrx_word' id='word_1_364' title='bbox 751 1818 779 1842; x_wconf 86' lang='lat' dir='ltr'>et</span> <span class='ocrx_word' id='word_1_365' title='bbox 794 1817 877 1842; x_wconf 87' lang='lat' dir='ltr'>Troia</span> <span class='ocrx_word' id='word_1_366' title='bbox 896 1825 965 1850; x_wconf 82' lang='lat' dir='ltr'>gaza</span> <span class='ocrx_word' id='word_1_367' title='bbox 984 1824 1035 1849; x_wconf 85' lang='lat' dir='ltr'>per</span> <span class='ocrx_word' id='word_1_368' title='bbox 1053 1816 1141 1842; x_wconf 83' lang='lat' dir='ltr'>undas</span> <span class='ocrx_word' id='word_1_369' title='bbox 1162 1816 1311 1842; x_wconf 80' lang='lat' dir='ltr'>Fabriczus</span> <span class='ocrx_word' id='word_1_370' title='bbox 1325 1817 1334 1849; x_wconf 88' lang='grc' dir='ltr'>ΙΙ</span> <span class='ocrx_word' id='word_1_371' title='bbox 1349 1819 1364 1842; x_wconf 85' lang='grc'>6</span> <span class='ocrx_word' id='word_1_372' title='bbox 1384 1816 1490 1842; x_wconf 80' lang='lat' dir='ltr'>herida</span> 
     </span>
     <span class='ocr_line' id='line_1_34' title="bbox 213 1852 1492 1887; baseline -0.002 -8"><span class='ocrx_word' id='word_1_373' title='bbox 213 1862 264 1879; x_wconf 84' lang='lat' dir='ltr'>nus</span> <span class='ocrx_word' id='word_1_374' title='bbox 281 1853 302 1879; x_wconf 83' lang='lat' dir='ltr'><strong><em>G</em></strong></span> <span class='ocrx_word' id='word_1_375' title='bbox 314 1854 323 1886; x_wconf 74' lang='lat' dir='ltr'>u</span> <span class='ocrx_word' id='word_1_376' title='bbox 338 1853 416 1887; x_wconf 88' lang='lat' dir='ltr'>sane]</span> <span class='ocrx_word' id='word_1_377' title='bbox 438 1854 531 1878; x_wconf 88' lang='lat' dir='ltr'>autem</span> <span class='ocrx_word' id='word_1_378' title='bbox 549 1852 571 1878; x_wconf 81' lang='lat' dir='ltr'><em>G</em></span> <span class='ocrx_word' id='word_1_379' title='bbox 582 1854 591 1886; x_wconf 76' lang='lat' dir='ltr'>ss</span> <span class='ocrx_word' id='word_1_380' title='bbox 607 1855 620 1879; x_wconf 80' lang='lat'>7</span> <span class='ocrx_word' id='word_1_381' title='bbox 641 1852 806 1886; x_wconf 75' lang='lat' dir='ltr'>synaliphae</span> <span class='ocrx_word' id='word_1_382' title='bbox 822 1852 859 1877; x_wconf 93' lang='lat' dir='ltr'>L:</span> <span class='ocrx_word' id='word_1_383' title='bbox 879 1852 1035 1885; x_wconf 80' lang='lat' dir='ltr'>sinaliphae</span> <span class='ocrx_word' id='word_1_384' title='bbox 1055 1852 1154 1885; x_wconf 77' lang='lat' dir='ltr'>reliqui</span> <span class='ocrx_word' id='word_1_385' title='bbox 1168 1853 1206 1885; x_wconf 78' lang='grc'>118</span> <span class='ocrx_word' id='word_1_386' title='bbox 1227 1853 1263 1878; x_wconf 77' lang='lat' dir='ltr'>acl</span> <span class='ocrx_word' id='word_1_387' title='bbox 1285 1861 1305 1878; x_wconf 85' lang='grc'>1</span> <span class='ocrx_word' id='word_1_388' title='bbox 1324 1855 1354 1878; x_wconf 83' lang='grc'>17</span> <span class='ocrx_word' id='word_1_389' title='bbox 1376 1852 1492 1885; x_wconf 84' lang='lat' dir='ltr'>Votum]</span> 
     </span>
     <span class='ocr_line' id='line_1_35' title="bbox 215 1887 1492 1921; baseline -0.002 -7"><span class='ocrx_word' id='word_1_390' title='bbox 215 1889 348 1915; x_wconf 87' lang='lat' dir='ltr'>oblatum.</span> <span class='ocrx_word' id='word_1_391' title='bbox 385 1896 451 1914; x_wconf 85' lang='lat' dir='ltr'>nam</span> <span class='ocrx_word' id='word_1_392' title='bbox 469 1887 648 1921; x_wconf 85' lang='lat' dir='ltr'>participium</span> <span class='ocrx_word' id='word_1_393' title='bbox 673 1889 726 1920; x_wconf 86' lang='lat' dir='ltr'>est</span> <span class='ocrx_word' id='word_1_394' title='bbox 752 1888 780 1913; x_wconf 91' lang='lat' dir='ltr'>id</span> <span class='ocrx_word' id='word_1_395' title='bbox 805 1889 847 1914; x_wconf 84' lang='lat' dir='ltr'>est</span> <span class='ocrx_word' id='word_1_396' title='bbox 866 1887 975 1914; x_wconf 84' lang='lat' dir='ltr'>uouisse</span> <span class='ocrx_word' id='word_1_397' title='bbox 995 1896 1045 1921; x_wconf 83' lang='lat' dir='ltr'>pro</span> <span class='ocrx_word' id='word_1_398' title='bbox 1065 1887 1164 1913; x_wconf 83' lang='lat' dir='ltr'>reditu.</span> <span class='ocrx_word' id='word_1_399' title='bbox 1203 1887 1243 1913; x_wconf 87' lang='lat' dir='ltr'>Ea</span> <span class='ocrx_word' id='word_1_400' title='bbox 1267 1887 1342 1913; x_wconf 78' lang='lat' dir='ltr'>fama</span> <span class='ocrx_word' id='word_1_401' title='bbox 1361 1887 1492 1921; x_wconf 82' lang='lat' dir='ltr'>uagatur]</span> 
     </span>
     <span class='ocr_line' id='line_1_36' title="bbox 215 1923 1494 1956; baseline -0.002 -6"><span class='ocrx_word' id='word_1_402' title='bbox 215 1924 267 1950; x_wconf 83' lang='lat' dir='ltr'>hoc</span> <span class='ocrx_word' id='word_1_403' title='bbox 287 1925 329 1950; x_wconf 84' lang='lat' dir='ltr'>est</span> <span class='ocrx_word' id='word_1_404' title='bbox 347 1923 460 1949; x_wconf 83' lang='lat' dir='ltr'>reditus.</span> <span class='ocrx_word' id='word_1_405' title='bbox 483 1924 509 1948; x_wconf 89' lang='lat' dir='ltr'><strong><em>P</em></strong></span> <span class='ocrx_word' id='word_1_406' title='bbox 531 1925 539 1956; x_wconf 83' lang='grc' dir='ltr'>ΙΙ</span> <span class='ocrx_word' id='word_1_407' title='bbox 563 1927 578 1949; x_wconf 86' lang='grc'><strong>9</strong></span> <span class='ocrx_word' id='word_1_408' title='bbox 598 1924 685 1955; x_wconf 71' lang='lat' dir='ltr'>fortas</span> <span class='ocrx_word' id='word_1_409' title='bbox 686 1932 712 1949; x_wconf 96' lang='grc'>38</span> <span class='ocrx_word' id='word_1_410' title='bbox 732 1923 839 1949; x_wconf 83' lang='lat' dir='ltr'>vovisse</span> <span class='ocrx_word' id='word_1_411' title='bbox 859 1932 887 1949; x_wconf 85' lang='lat' dir='ltr'>se</span> <span class='ocrx_word' id='word_1_412' title='bbox 912 1925 920 1956; x_wconf 83' lang='grc' dir='ltr'>ΙΙ</span> <span class='ocrx_word' id='word_1_413' title='bbox 944 1923 1043 1949; x_wconf 87' lang='lat' dir='ltr'>Accius</span> <span class='ocrx_word' id='word_1_414' title='bbox 1064 1943 1068 1948; x_wconf 85' lang='lat'>.</span> <span class='ocrx_word' id='word_1_415' title='bbox 1090 1944 1095 1949; x_wconf 82' lang='lat'>.</span> <span class='ocrx_word' id='word_1_416' title='bbox 1143 1923 1238 1949; x_wconf 85' lang='lat' dir='ltr'>dicant</span> <span class='ocrx_word' id='word_1_417' title='bbox 1256 1924 1308 1949; x_wconf 80' lang='lat' dir='ltr'>hue</span> <span class='ocrx_word' id='word_1_418' title='bbox 1328 1924 1494 1955; x_wconf 72' lang='lat' dir='ltr'>transposui,</span> 
     </span>
     <span class='ocr_line' id='line_1_37' title="bbox 212 1958 1494 1993; baseline -0.001 -8"><span class='ocrx_word' id='word_1_419' title='bbox 212 1962 274 1993; x_wconf 77' lang='lat' dir='ltr'>post</span> <span class='ocrx_word' id='word_1_420' title='bbox 293 1959 478 1985; x_wconf 85' lang='lat' dir='ltr'>eonscientiae</span> <span class='ocrx_word' id='word_1_421' title='bbox 496 1959 556 1985; x_wconf 86' lang='lat' dir='ltr'>hab.</span> <span class='ocrx_word' id='word_1_422' title='bbox 576 1958 598 1984; x_wconf 83' lang='lat' dir='ltr'><strong><em>C</em></strong></span> <span class='ocrx_word' id='word_1_423' title='bbox 615 1959 623 1992; x_wconf 84' lang='grc' dir='ltr'>ΙΙ</span> <span class='ocrx_word' id='word_1_424' title='bbox 642 1959 769 1985; x_wconf 88' lang='lat' dir='ltr'>deifoebo</span> <span class='ocrx_word' id='word_1_425' title='bbox 791 1959 813 1984; x_wconf 84' lang='lat' dir='ltr'><em>C</em></span> <span class='ocrx_word' id='word_1_426' title='bbox 829 1960 837 1992; x_wconf 90' lang='grc' dir='ltr'>ΙΙ</span> <span class='ocrx_word' id='word_1_427' title='bbox 856 1959 996 1985; x_wconf 83' lang='lat' dir='ltr'>Minervae</span> <span class='ocrx_word' id='word_1_428' title='bbox 1016 1958 1119 1984; x_wconf 88' lang='lat' dir='ltr'>donum</span> <span class='ocrx_word' id='word_1_429' title='bbox 1139 1958 1340 1992; x_wconf 83' lang='lat' dir='ltr'>armipotentes</span> <span class='ocrx_word' id='word_1_430' title='bbox 1360 1958 1494 1984; x_wconf 84' lang='lat' dir='ltr'>abeuntes</span> 
     </span>
     <span class='ocr_line' id='line_1_38' title="bbox 215 1993 1495 2028; baseline -0.001 -8"><span class='ocrx_word' id='word_1_431' title='bbox 215 1995 306 2020; x_wconf 85' lang='lat' dir='ltr'>Danai</span> <span class='ocrx_word' id='word_1_432' title='bbox 329 1994 424 2020; x_wconf 85' lang='lat' dir='ltr'>dicant</span> <span class='ocrx_word' id='word_1_433' title='bbox 449 1994 584 2027; x_wconf 63' lang='lat' dir='ltr'>Rei-ymas</span> <span class='ocrx_word' id='word_1_434' title='bbox 622 1994 722 2028; x_wconf 77' lang='lat' dir='ltr'>[Deae]</span> <span class='ocrx_word' id='word_1_435' title='bbox 748 1994 888 2020; x_wconf 80' lang='lat' dir='ltr'>Mineruae</span> <span class='ocrx_word' id='word_1_436' title='bbox 913 1993 1016 2020; x_wconf 80' lang='lat' dir='ltr'>donum</span> <span class='ocrx_word' id='word_1_437' title='bbox 1041 1994 1223 2028; x_wconf 86' lang='lat' dir='ltr'>armipotenti</span> <span class='ocrx_word' id='word_1_438' title='bbox 1247 1994 1380 2020; x_wconf 72' lang='lat' dir='ltr'>abeuntes</span> <span class='ocrx_word' id='word_1_439' title='bbox 1406 1994 1495 2020; x_wconf 78' lang='lat' dir='ltr'>Danai</span> 
     </span>
     <span class='ocr_line' id='line_1_39' title="bbox 217 2029 1495 2064; baseline -0.002 -8"><span class='ocrx_word' id='word_1_440' title='bbox 217 2030 314 2056; x_wconf 84' lang='lat' dir='ltr'>dicant</span> <span class='ocrx_word' id='word_1_441' title='bbox 331 2029 494 2064; x_wconf 71' lang='lat' dir='ltr'>Ribbeckius</span> <span class='ocrx_word' id='word_1_442' title='bbox 515 2030 524 2063; x_wconf 78' lang='lat' dir='ltr'>ss</span> <span class='ocrx_word' id='word_1_443' title='bbox 549 2032 578 2055; x_wconf 89' lang='lat'>11</span> <span class='ocrx_word' id='word_1_444' title='bbox 599 2029 704 2055; x_wconf 79' lang='lat' dir='ltr'>reditus</span> <span class='ocrx_word' id='word_1_445' title='bbox 726 2030 764 2055; x_wconf 80' lang='lat' dir='ltr'>I&#39;:</span> <span class='ocrx_word' id='word_1_446' title='bbox 783 2038 832 2063; x_wconf 88' lang='lat' dir='ltr'>pro</span> <span class='ocrx_word' id='word_1_447' title='bbox 852 2029 942 2055; x_wconf 86' lang='lat' dir='ltr'>reditu</span> <span class='ocrx_word' id='word_1_448' title='bbox 964 2029 986 2055; x_wconf 82' lang='lat' dir='ltr'><em>O</em></span> <span class='ocrx_word' id='word_1_449' title='bbox 1006 2031 1015 2063; x_wconf 84' lang='grc' dir='ltr'>ΙΙ</span> <span class='ocrx_word' id='word_1_450' title='bbox 1037 2031 1147 2055; x_wconf 84' lang='lat' dir='ltr'>tantum</span> <span class='ocrx_word' id='word_1_451' title='bbox 1166 2029 1242 2055; x_wconf 86' lang='lat' dir='ltr'>fama</span> <span class='ocrx_word' id='word_1_452' title='bbox 1261 2030 1360 2056; x_wconf 79' lang='lat' dir='ltr'>malim.</span> <span class='ocrx_word' id='word_1_453' title='bbox 1382 2032 1495 2055; x_wconf 74' lang='lat' dir='ltr'>ceterum</span> 
     </span>
     <span class='ocr_line' id='line_1_40' title="bbox 215 2064 1494 2099; baseline -0.001 -8"><span class='ocrx_word' id='word_1_454' title='bbox 215 2066 292 2091; x_wconf 85' lang='lat' dir='ltr'>fama</span> <span class='ocrx_word' id='word_1_455' title='bbox 322 2066 417 2091; x_wconf 80' lang='lat' dir='ltr'>tamen</span> <span class='ocrx_word' id='word_1_456' title='bbox 445 2065 564 2090; x_wconf 70' lang='lat' dir='ltr'>enotavit</span> <span class='ocrx_word' id='word_1_457' title='bbox 589 2064 735 2098; x_wconf 77' lang='lat' dir='ltr'>Scioppius</span> <span class='ocrx_word' id='word_1_458' title='bbox 758 2066 766 2098; x_wconf 79' lang='grc' dir='ltr'>Η</span> <span class='ocrx_word' id='word_1_459' title='bbox 789 2065 866 2099; x_wconf 82' lang='lat' dir='ltr'>nam]</span> <span class='ocrx_word' id='word_1_460' title='bbox 894 2065 1017 2090; x_wconf 86' lang='lat' dir='ltr'>nondum</span> <span class='ocrx_word' id='word_1_461' title='bbox 1043 2065 1105 2091; x_wconf 79' lang='lat' dir='ltr'>add.</span> <span class='ocrx_word' id='word_1_462' title='bbox 1131 2065 1166 2091; x_wconf 89' lang='lat' dir='ltr'>F.</span> <span class='ocrx_word' id='word_1_463' title='bbox 1187 2065 1342 2091; x_wconf 70' lang='lat' dir='ltr'>Scleoellius.</span> <span class='ocrx_word' id='word_1_464' title='bbox 1377 2066 1410 2097; x_wconf 83' lang='lat' dir='ltr'>cf.</span> <span class='ocrx_word' id='word_1_465' title='bbox 1435 2065 1458 2090; x_wconf 90' lang='lat' dir='ltr'><em>T</em></span> <span class='ocrx_word' id='word_1_466' title='bbox 1459 2065 1494 2090; x_wconf 80' lang='lat' dir='ltr'>ib.</span> 
     </span>
     <span class='ocr_line' id='line_1_41' title="bbox 215 2100 1495 2133; baseline 0 -7"><span class='ocrx_word' id='word_1_467' title='bbox 215 2101 344 2127; x_wconf 75' lang='lat' dir='ltr'>Donatus</span> <span class='ocrx_word' id='word_1_468' title='bbox 368 2101 404 2126; x_wconf 81' lang='lat' dir='ltr'>ad</span> <span class='ocrx_word' id='word_1_469' title='bbox 428 2101 500 2126; x_wconf 68' lang='lat' dir='ltr'>lizmc</span> <span class='ocrx_word' id='word_1_470' title='bbox 523 2108 589 2126; x_wconf 76' lang='lat' dir='ltr'>vers.</span> <span class='ocrx_word' id='word_1_471' title='bbox 613 2100 622 2133; x_wconf 82' lang='grc' dir='ltr'>ΙΙ</span> <span class='ocrx_word' id='word_1_472' title='bbox 652 2103 682 2125; x_wconf 78' lang='grc'>12</span> <span class='ocrx_word' id='word_1_473' title='bbox 708 2100 866 2133; x_wconf 78' lang='lat' dir='ltr'>patefactae</span> <span class='ocrx_word' id='word_1_474' title='bbox 892 2108 958 2126; x_wconf 82' lang='lat' dir='ltr'>esse.</span> <span class='ocrx_word' id='word_1_475' title='bbox 995 2100 1070 2126; x_wconf 85' lang='lat' dir='ltr'>Bene</span> <span class='ocrx_word' id='word_1_476' title='bbox 1095 2109 1160 2133; x_wconf 85' lang='lat' dir='ltr'>ergo</span> <span class='ocrx_word' id='word_1_477' title='bbox 1188 2101 1302 2126; x_wconf 78' lang='lat' dir='ltr'>excusat</span> <span class='ocrx_word' id='word_1_478' title='bbox 1322 2100 1343 2126; x_wconf 82' lang='lat'><em>0</em></span> <span class='ocrx_word' id='word_1_479' title='bbox 1365 2101 1373 2133; x_wconf 88' lang='grc' dir='ltr'>ΙΙ</span> <span class='ocrx_word' id='word_1_480' title='bbox 1400 2103 1433 2126; x_wconf 79' lang='grc'>14</span> <span class='ocrx_word' id='word_1_481' title='bbox 1459 2101 1495 2126; x_wconf 80' lang='lat' dir='ltr'>ad</span> 
     </span>
     <span class='ocr_line' id='line_1_42' title="bbox 215 2135 1493 2170; baseline 0 -8"><span class='ocrx_word' id='word_1_482' title='bbox 215 2145 238 2162; x_wconf 76' lang='lat' dir='ltr'>v.</span> <span class='ocrx_word' id='word_1_483' title='bbox 267 2139 299 2162; x_wconf 84' lang='grc'>18</span> <span class='ocrx_word' id='word_1_484' title='bbox 326 2135 399 2170; x_wconf 85' lang='lat' dir='ltr'>Huc]</span> <span class='ocrx_word' id='word_1_485' title='bbox 429 2144 478 2169; x_wconf 86' lang='lat' dir='ltr'>pro</span> <span class='ocrx_word' id='word_1_486' title='bbox 506 2135 586 2168; x_wconf 85' lang='lat' dir='ltr'>illuc,</span> <span class='ocrx_word' id='word_1_487' title='bbox 614 2136 643 2161; x_wconf 89' lang='lat' dir='ltr'>in</span> <span class='ocrx_word' id='word_1_488' title='bbox 671 2143 773 2168; x_wconf 86' lang='lat' dir='ltr'>equum</span> <span class='ocrx_word' id='word_1_489' title='bbox 798 2135 844 2161; x_wconf 90' lang='lat' dir='ltr'>uel</span> <span class='ocrx_word' id='word_1_490' title='bbox 870 2135 899 2161; x_wconf 90' lang='lat' dir='ltr'>in</span> <span class='ocrx_word' id='word_1_491' title='bbox 924 2136 996 2162; x_wconf 88' lang='lat' dir='ltr'>hanc</span> <span class='ocrx_word' id='word_1_492' title='bbox 1021 2144 1087 2162; x_wconf 84' lang='lat' dir='ltr'>rem.</span> <span class='ocrx_word' id='word_1_493' title='bbox 1125 2136 1242 2162; x_wconf 83' lang='lat' dir='ltr'>Delecta.</span> <span class='ocrx_word' id='word_1_494' title='bbox 1269 2135 1397 2169; x_wconf 82' lang='lat' dir='ltr'>corpora]</span> <span class='ocrx_word' id='word_1_495' title='bbox 1425 2157 1430 2161; x_wconf 93' lang='lat'>.</span> <span class='ocrx_word' id='word_1_496' title='bbox 1456 2157 1460 2162; x_wconf 93' lang='lat'>.</span> <span class='ocrx_word' id='word_1_497' title='bbox 1489 2158 1493 2163; x_wconf 92' lang='lat'>.</span> 
     </span>
     <span class='ocr_line' id='line_1_43' title="bbox 218 2171 1494 2206; baseline -0.001 -8"><span class='ocrx_word' id='word_1_498' title='bbox 218 2173 307 2206; x_wconf 80' lang='lat' dir='ltr'>cogat.</span> <span class='ocrx_word' id='word_1_499' title='bbox 345 2171 464 2205; x_wconf 81' lang='lat' dir='ltr'>Furtim]</span> <span class='ocrx_word' id='word_1_500' title='bbox 490 2171 622 2203; x_wconf 83' lang='lat' dir='ltr'>latenter,</span> <span class='ocrx_word' id='word_1_501' title='bbox 648 2171 719 2196; x_wconf 86' lang='lat' dir='ltr'>unde</span> <span class='ocrx_word' id='word_1_502' title='bbox 744 2172 817 2197; x_wconf 82' lang='lat' dir='ltr'>fures</span> <span class='ocrx_word' id='word_1_503' title='bbox 838 2192 843 2197; x_wconf 94' lang='lat'>.</span> <span class='ocrx_word' id='word_1_504' title='bbox 864 2191 869 2196; x_wconf 96' lang='lat'>.</span> <span class='ocrx_word' id='word_1_505' title='bbox 891 2191 896 2196; x_wconf 93' lang='lat'>.</span> <span class='ocrx_word' id='word_1_506' title='bbox 917 2171 1079 2204; x_wconf 82' lang='lat' dir='ltr'>subripiunt.</span> <span class='ocrx_word' id='word_1_507' title='bbox 1102 2171 1129 2196; x_wconf 89' lang='lat' dir='ltr'><strong><em>P</em></strong></span> <span class='ocrx_word' id='word_1_508' title='bbox 1150 2172 1159 2204; x_wconf 84' lang='grc' dir='ltr'>ΙΙ</span> <span class='ocrx_word' id='word_1_509' title='bbox 1181 2180 1293 2197; x_wconf 57' lang='lat' dir='ltr'>numeru</span> <span class='ocrx_word' id='word_1_510' title='bbox 1312 2171 1346 2196; x_wconf 88' lang='lat' dir='ltr'><em>H</em></span> <span class='ocrx_word' id='word_1_511' title='bbox 1365 2172 1374 2204; x_wconf 83' lang='grc' dir='ltr'>ΙΙ</span> <span class='ocrx_word' id='word_1_512' title='bbox 1404 2174 1434 2197; x_wconf 89' lang='grc'>15</span> <span class='ocrx_word' id='word_1_513' title='bbox 1455 2171 1494 2196; x_wconf 83' lang='grc'><strong>(11-</strong></span> 
     </span>
     <span class='ocr_line' id='line_1_44' title="bbox 218 2206 1493 2240; baseline -0.002 -7"><span class='ocrx_word' id='word_1_514' title='bbox 218 2207 355 2233; x_wconf 83' lang='lat' dir='ltr'>lectorum</span> <span class='ocrx_word' id='word_1_515' title='bbox 374 2207 440 2232; x_wconf 84' lang='lat' dir='ltr'>HE</span> <span class='ocrx_word' id='word_1_516' title='bbox 462 2209 470 2239; x_wconf 84' lang='grc' dir='ltr'>ΙΙ</span> <span class='ocrx_word' id='word_1_517' title='bbox 497 2207 626 2232; x_wconf 82' lang='lat' dir='ltr'>scholium</span> <span class='ocrx_word' id='word_1_518' title='bbox 645 2207 681 2232; x_wconf 74' lang='lat' dir='ltr'>acl</span> <span class='ocrx_word' id='word_1_519' title='bbox 706 2216 810 2232; x_wconf 64' lang='lat' dir='ltr'>sommi</span> <span class='ocrx_word' id='word_1_520' title='bbox 829 2209 893 2239; x_wconf 79' lang='lat' dir='ltr'>post</span> <span class='ocrx_word' id='word_1_521' title='bbox 911 2207 1041 2232; x_wconf 79' lang='lat' dir='ltr'>scholium</span> <span class='ocrx_word' id='word_1_522' title='bbox 1061 2207 1096 2232; x_wconf 82' lang='lat' dir='ltr'>ad</span> <span class='ocrx_word' id='word_1_523' title='bbox 1117 2216 1200 2232; x_wconf 71' lang='lat' dir='ltr'>vmvm</span> <span class='ocrx_word' id='word_1_524' title='bbox 1218 2207 1278 2233; x_wconf 79' lang='lat' dir='ltr'>lzab.</span> <span class='ocrx_word' id='word_1_525' title='bbox 1301 2206 1324 2232; x_wconf 81' lang='lat' dir='ltr'><strong><em>G</em></strong></span> <span class='ocrx_word' id='word_1_526' title='bbox 1344 2208 1352 2240; x_wconf 76' lang='grc' dir='ltr'>ΙΙ</span> <span class='ocrx_word' id='word_1_527' title='bbox 1382 2206 1493 2240; x_wconf 77' lang='lat' dir='ltr'>som-m]</span> 
     </span>
     <span class='ocr_line' id='line_1_45' title="bbox 220 2241 1494 2275; baseline -0.002 -6"><span class='ocrx_word' id='word_1_528' title='bbox 220 2251 320 2271; x_wconf 67' lang='lat' dir='ltr'>sonmo:</span> <span class='ocrx_word' id='word_1_529' title='bbox 335 2242 369 2268; x_wconf 88' lang='lat' dir='ltr'><em>H</em></span> <span class='ocrx_word' id='word_1_530' title='bbox 380 2244 388 2275; x_wconf 84' lang='grc' dir='ltr'>ΙΙ</span> <span class='ocrx_word' id='word_1_531' title='bbox 403 2242 521 2268; x_wconf 84' lang='lat' dir='ltr'>dilectus</span> <span class='ocrx_word' id='word_1_532' title='bbox 537 2242 571 2268; x_wconf 78' lang='lat' dir='ltr'>C:</span> <span class='ocrx_word' id='word_1_533' title='bbox 591 2242 713 2268; x_wconf 84' lang='lat' dir='ltr'>delectos</span> <span class='ocrx_word' id='word_1_534' title='bbox 728 2242 753 2267; x_wconf 84' lang='lat' dir='ltr'><em>L</em></span> <span class='ocrx_word' id='word_1_535' title='bbox 776 2241 893 2267; x_wconf 83' lang='lat' dir='ltr'>dilectos</span> <span class='ocrx_word' id='word_1_536' title='bbox 908 2242 941 2267; x_wconf 89' lang='lat' dir='ltr'><em>H</em></span> <span class='ocrx_word' id='word_1_537' title='bbox 957 2242 1080 2268; x_wconf 86' lang='lat' dir='ltr'>delectus</span> <span class='ocrx_word' id='word_1_538' title='bbox 1096 2242 1179 2268; x_wconf 81' lang='lat' dir='ltr'>MEz</span> <span class='ocrx_word' id='word_1_539' title='bbox 1193 2242 1202 2275; x_wconf 88' lang='grc' dir='ltr'>ΙΙ</span> <span class='ocrx_word' id='word_1_540' title='bbox 1220 2245 1250 2268; x_wconf 85' lang='grc'>16</span> <span class='ocrx_word' id='word_1_541' title='bbox 1265 2242 1378 2268; x_wconf 84' lang='lat' dir='ltr'>sortitus</span> <span class='ocrx_word' id='word_1_542' title='bbox 1396 2242 1494 2267; x_wconf 73' lang='lat' dir='ltr'><em>MEI:</em></span> 
     </span>
     <span class='ocr_line' id='line_1_46' title="bbox 219 2276 1494 2311; baseline -0.002 -7"><span class='ocrx_word' id='word_1_543' title='bbox 219 2286 278 2304; x_wconf 83' lang='lat' dir='ltr'>sors</span> <span class='ocrx_word' id='word_1_544' title='bbox 299 2277 321 2304; x_wconf 83' lang='lat' dir='ltr'><em>C</em></span> <span class='ocrx_word' id='word_1_545' title='bbox 347 2277 461 2304; x_wconf 81' lang='lat' dir='ltr'>sortitos</span> <span class='ocrx_word' id='word_1_546' title='bbox 480 2278 547 2303; x_wconf 88' lang='lat' dir='ltr'>LH</span> <span class='ocrx_word' id='word_1_547' title='bbox 567 2279 575 2310; x_wconf 89' lang='grc' dir='ltr'>ΙΙ</span> <span class='ocrx_word' id='word_1_548' title='bbox 601 2280 632 2303; x_wconf 89' lang='lat'>18</span> <span class='ocrx_word' id='word_1_549' title='bbox 652 2277 718 2311; x_wconf 86' lang='lat' dir='ltr'>qua]</span> <span class='ocrx_word' id='word_1_550' title='bbox 743 2277 822 2309; x_wconf 86' lang='lat' dir='ltr'>quasi</span> <span class='ocrx_word' id='word_1_551' title='bbox 842 2277 874 2302; x_wconf 89' lang='lat' dir='ltr'><strong><em>H</em></strong></span> <span class='ocrx_word' id='word_1_552' title='bbox 894 2278 903 2310; x_wconf 74' lang='lat' dir='ltr'>ss</span> <span class='ocrx_word' id='word_1_553' title='bbox 925 2277 954 2302; x_wconf 90' lang='lat' dir='ltr'>in</span> <span class='ocrx_word' id='word_1_554' title='bbox 978 2276 1108 2303; x_wconf 71' lang='lat' dir='ltr'>naturali</span> <span class='ocrx_word' id='word_1_555' title='bbox 1126 2277 1244 2304; x_wconf 83' lang='lat' dir='ltr'>historia</span> <span class='ocrx_word' id='word_1_556' title='bbox 1266 2278 1370 2303; x_wconf 77' lang='lat' dir='ltr'>seclusi.</span> <span class='ocrx_word' id='word_1_557' title='bbox 1409 2277 1442 2302; x_wconf 82' lang='lat' dir='ltr'>de</span> <span class='ocrx_word' id='word_1_558' title='bbox 1466 2285 1494 2302; x_wconf 88' lang='lat' dir='ltr'>re</span> 
     </span>
     <span class='ocr_line' id='line_1_47' title="bbox 219 2313 1494 2346; baseline -0.002 -7"><span class='ocrx_word' id='word_1_559' title='bbox 219 2313 403 2346; x_wconf 82' lang='lat' dir='ltr'>grammatica</span> <span class='ocrx_word' id='word_1_560' title='bbox 421 2313 580 2345; x_wconf 77' lang='lat' dir='ltr'>Fabricius,</span> <span class='ocrx_word' id='word_1_561' title='bbox 595 2313 639 2338; x_wconf 76' lang='lat' dir='ltr'>secl</span> <span class='ocrx_word' id='word_1_562' title='bbox 655 2313 766 2338; x_wconf 61' lang='lat' dir='ltr'>»Servius</span> <span class='ocrx_word' id='word_1_563' title='bbox 780 2313 902 2346; x_wconf 76' lang='lat' dir='ltr'>quotiens</span> <span class='ocrx_word' id='word_1_564' title='bbox 915 2313 1121 2346; x_wconf 71' lang='lat' dir='ltr'>qrammaticum</span> <span class='ocrx_word' id='word_1_565' title='bbox 1135 2313 1228 2339; x_wconf 79' lang='lat' dir='ltr'>Plinii</span> <span class='ocrx_word' id='word_1_566' title='bbox 1242 2315 1416 2346; x_wconf 74' lang='lat' dir='ltr'>pracceptum</span> <span class='ocrx_word' id='word_1_567' title='bbox 1430 2320 1494 2344; x_wconf 72' lang='lat' dir='ltr'>pro-</span> 
     </span>
     <span class='ocr_line' id='line_1_48' title="bbox 217 2346 1494 2382; baseline -0.001 -8"><span class='ocrx_word' id='word_1_568' title='bbox 217 2349 271 2381; x_wconf 79' lang='lat' dir='ltr'>fert</span> <span class='ocrx_word' id='word_1_569' title='bbox 289 2349 399 2375; x_wconf 80' lang='lat' dir='ltr'>titulum</span> <span class='ocrx_word' id='word_1_570' title='bbox 419 2349 484 2375; x_wconf 82' lang='lat' dir='ltr'>libri</span> <span class='ocrx_word' id='word_1_571' title='bbox 502 2356 556 2374; x_wconf 67' lang='lat' dir='ltr'>wion</span> <span class='ocrx_word' id='word_1_572' title='bbox 576 2349 706 2375; x_wconf 74' lang='lat' dir='ltr'>nominat.</span> <span class='ocrx_word' id='word_1_573' title='bbox 721 2350 730 2382; x_wconf 91' lang='grc' dir='ltr'>ΙΙ</span> <span class='ocrx_word' id='word_1_574' title='bbox 746 2348 777 2374; x_wconf 82' lang='grc'>19</span> <span class='ocrx_word' id='word_1_575' title='bbox 798 2348 862 2382; x_wconf 85' lang='lat' dir='ltr'>hoc]</span> <span class='ocrx_word' id='word_1_576' title='bbox 882 2348 928 2374; x_wconf 88' lang='lat' dir='ltr'>hic</span> <span class='ocrx_word' id='word_1_577' title='bbox 949 2348 971 2374; x_wconf 83' lang='lat' dir='ltr'><em>O</em></span> <span class='ocrx_word' id='word_1_578' title='bbox 983 2350 992 2382; x_wconf 77' lang='grc' dir='ltr'>ΙΙ</span> <span class='ocrx_word' id='word_1_579' title='bbox 1006 2356 1061 2374; x_wconf 91' lang='lat' dir='ltr'>non</span> <span class='ocrx_word' id='word_1_580' title='bbox 1080 2356 1128 2375; x_wconf 89' lang='lat' dir='ltr'>om.</span> <span class='ocrx_word' id='word_1_581' title='bbox 1146 2348 1169 2375; x_wconf 82' lang='grc' dir='ltr'><em>Ο</em></span> <span class='ocrx_word' id='word_1_582' title='bbox 1186 2350 1352 2382; x_wconf 63' lang='grc' dir='ltr'><strong>(311]11κ118γ3.</strong></span> <span class='ocrx_word' id='word_1_583' title='bbox 1371 2347 1432 2373; x_wconf 78' lang='lat' dir='ltr'>add.</span> <span class='ocrx_word' id='word_1_584' title='bbox 1450 2346 1494 2380; x_wconf 78' lang='lat'>0²)</span> 
     </span>
    </p>
   </div>
  </div>
 </body>
</html>
