1690 2611
232 113 304 139 XLII
766 113 977 141 PRAEFATIO.

231 198 401 226 castrorztm
432 198 570 236 vocalur,
601 195 679 226 sieut
708 196 850 235 superius
881 196 996 227 (lictum
1027 199 1071 228 est
1102 194 1371 230 simillima'sunt
1395 200 1445 231 his
1471 201 1510 232 ad

233 248 311 280 Aen.
336 249 349 279 I
376 249 416 279 83
442 248 573 280 scholiis
602 260 703 280 PORTA
736 249 835 280 omnis
863 250 961 281 exstas
979 252 1073 290 porta
1096 251 1222 291 dicitur,
1258 252 1348 291 quasi
1371 263 1432 292 qua
1453 265 1510 294 po-

232 304 288 333 test
323 302 367 333 vel
404 302 568 342 impmtari
604 302 649 333 vel
687 303 844 342 exportari
880 303 1006 343 aliquid.
1061 305 1128 343 [ant
1165 304 1229 335 ideo
1268 304 1403 347 ‘panax
1436 308 1510 346 quia

233 355 386 396 ‘culmine'
415 356 552 393 dixerat;
586 366 660 387 vam
681 358 774 396 porta
801 357 928 396 proprie
956 359 1011 388 aut
1042 357 1128 389 urbis
1161 360 1217 389 aut
1248 361 1418 390 castrorum
1445 362 1511 400 cst]

233 409 399 440 dubitasse
424 408 570 440 videntur
597 411 718 440 veteres
743 409 937 450 interpretes
963 421 1017 441 cur
1036 412 1164 451 portam
1189 411 1306 443 dixerit
1329 414 1426 452 poeta
1450 413 1513 444 exi-

233 465 302 494 tum
332 462 371 493 ab
396 462 496 494 Aeolo
529 462 634 493 ventis
664 464 822 503 paratum.
860 465 957 504 atque
987 463 1116 495 Servius
1146 475 1214 496 rem
1244 465 1433 506 simpliciter
1463 477 1512 497 ex-

234 516 364 557 pedivit,
390 516 472 547 alter
493 515 684 547 scholiastes
705 515 859 547 subtilius
875 516 914 547 ad
934 515 1094 557 ‘agmine'
1115 517 1290 549 militarem
1311 529 1431 560 vocem,
1450 530 1514 560 qua

234 570 267 600 in
297 569 446 611 proximo
477 580 572 600 versu
603 568 771 610 Vergilius
807 580 884 600 usus
914 571 993 610 erat,
1024 571 1225 612 provocavit,
1257 573 1292 602 ut
1322 573 1451 612 portam
1483 574 1515 603 et

234 624 323 655 urbis
355 625 387 654 et
418 625 599 655 castrorum
630 622 796 664 propriam
829 622 930 654 fuisse
965 623 1102 670 doceret.
1147 626 1320 666 utrumque
1354 625 1514 657 scholium

234 678 357 709 Isidoro
383 677 550 718 cognitum
570 676 646 717 fuit,
675 687 779 717 neque
809 676 991 708 dubitarem
1022 677 1099 718 quin
1122 678 1249 718 plenius
1279 678 1382 709 Servii
1412 689 1514 710 exem-

235 731 307 772 plar
331 731 359 762 ei
381 731 420 762 ad
436 742 567 762 manum
592 730 691 761 fuisse
717 730 937 771 concederem,
961 731 1023 762 nisi
1047 731 1097 762 his
1124 742 1205 772 quae
1225 732 1398 763 revocandi
1417 743 1515 764 eausa

236 784 346 816 addita
371 786 446 815 sunt
469 785 547 816 sicat
569 784 711 824 superius
734 784 849 815 ‹lictmn
873 786 916 815 est
939 783 1121 825 impedirer.
1161 796 1242 826 quae
1262 796 1333 816 cum
1352 797 1455 827 neque
1476 786 1515 818 ad

237 850 280 870 or.
304 838 349 869 IX
375 838 409 878 3,
433 838 475 868 44
505 848 607 878 neque
637 837 676 868 ad
704 836 763 868 XV
788 837 821 878 2,
849 837 902 878 13,
931 837 1047 879 quibus
1076 838 1156 869 locis
1185 838 1222 869 de
1252 838 1366 870 castris
1397 840 1514 881 agitur,

237 904 273 923 ac
296 903 336 923 ne
358 891 397 922 ad
417 890 478 922 XV
494 892 528 932 2,
554 891 572 922 3
594 891 735 932 quidem,
760 890 816 921 ubi
837 889 970 922 Catonis
995 891 1032 922 de
1057 891 1136 922 urbe
1162 891 1326 923 condenda
1344 895 1517 933 praecepta

237 946 532 977 commemorantur
566 944 618 975 sed
659 946 840 976 castrorum
876 944 967 975 nulla
1000 945 1120 976 mentio
1153 945 1204 986 fit,
1237 945 1348 977 referri
1382 946 1518 986 possint,

238 1000 378 1040 suspicio
405 999 522 1040 oritur,
553 999 713 1030 Isidorum
742 1001 862 1030 temere
893 1009 930 1029 ea
955 1009 992 1029 ex
1017 998 1140 1029 scholio
1169 998 1254 1040 quod
1287 998 1520 1030 transcriberet

238 1054 426 1094 arripuisse,
450 1064 522 1084 cum
547 1053 738 1094 praesertim
763 1052 830 1083 eius
855 1051 942 1083 modi
971 1051 1157 1083 remittendi
1186 1052 1344 1083 formulae
1368 1052 1401 1083 in
1425 1052 1517 1084 scho-

237 1107 289 1138 liis
305 1107 505 1149 Vergilianis
521 1106 802 1148 frequentissimae
828 1105 893 1136 sint
908 1104 962 1147 (cf.
980 1117 1009 1146 p.
1025 1104 1126 1147 XIV).
1164 1107 1260 1147 atque
1284 1105 1431 1147 voluerat
1454 1097 1517 1137 for-

237 1164 324 1193 tasse
349 1161 508 1201 interpres
538 1160 593 1191 ille
622 1159 782 1191 scholium
812 1159 943 1200 aliquod
973 1158 1011 1190 ad
1040 1168 1150 1200 georg.
1174 1158 1219 1190 IV
1247 1159 1286 1190 78
1320 1148 1517 1201 adscriptum

238 1216 270 1246 in
295 1214 484 1246 memoriam
510 1213 668 1254 revocari,
698 1224 792 1254 quem
822 1212 861 1244 ad
890 1223 1018 1243 versum
1046 1211 1083 1243 de
1111 1212 1248 1243 militari
1277 1214 1314 1243 ut
1340 1212 1387 1243 ita
1414 1212 1517 1243 dicam

238 1270 407 1311 portarum
439 1279 498 1299 usu
530 1267 591 1298 (lici
623 1267 767 1308 potuisse
797 1277 892 1297 nemo
923 1265 1065 1306 negabit.
1109 1277 1189 1307 quae
1224 1265 1251 1297 si
1282 1268 1367 1297 recte
1399 1265 1518 1297 conieci

240 1322 465 1355 Cassellanum
490 1321 530 1353 ad
556 1320 634 1352 Aen.
658 1320 673 1351 I
698 1321 739 1351 83
765 1319 925 1351 scholium
949 1330 1015 1350 non
1035 1320 1084 1350 est
1106 1318 1223 1360 Servii,
1248 1330 1342 1360 quem
1366 1319 1519 1361 georgica

239 1378 314 1417 post
339 1375 513 1407 Aeneidem
538 1375 788 1416 interpretatum
814 1384 882 1404 esse
908 1374 1045 1404 constat.

330 1429 381 1461 Or.
405 1428 468 1460 XV
489 1429 522 1470 8,
547 1429 566 1459 8
590 1428 734 1459 Isidorus
753 1427 922 1468 vulgatum
947 1426 986 1457 ad
1012 1426 1090 1457 Aen.
1109 1426 1125 1457 I
1145 1426 1209 1458 505
1231 1426 1389 1458 scholium
1409 1426 1518 1467 paucis

241 1483 375 1514 mutatis
387 1482 591 1523 transcripsit
602 1482 692 1522 eique
705 1480 828 1512 addidit
839 1491 920 1522 quae
936 1480 1020 1511 inter
1037 1479 1139 1511 Servii
1153 1480 1253 1512 libros
1264 1491 1346 1511 unus
1359 1478 1519 1511 Cassella-

240 1549 302 1568 nus
326 1537 426 1568 habet
450 1534 493 1578 (p.
521 1536 596 1576 158,
622 1535 655 1577 6)
679 1535 738 1566 alii
757 1534 936 1566 testudinem
955 1534 1060 1565 volunt
1082 1544 1143 1566 esse
1163 1534 1260 1566 Iocum
1281 1534 1315 1565 in
1333 1535 1426 1574 parte
1445 1534 1521 1564 atrii

241 1592 404 1623 adversum
434 1590 628 1621 venientibus.
674 1600 776 1630 neque
808 1591 917 1619 tamen
953 1587 1122 1628 probabile
1154 1589 1203 1619 est
1233 1598 1249 1618 e
1281 1586 1389 1618 codice
1419 1586 1519 1627 ipsius

242 1644 423 1676 Cassellani
455 1643 555 1675 simili
591 1643 671 1674 haec
704 1642 806 1683 petita
837 1653 916 1673 esse.
962 1652 1038 1672 nam
1072 1652 1153 1682 quae
1176 1641 1260 1671 inter
1292 1640 1460 1681 vulgatum
1489 1641 1522 1671 et

242 1698 380 1730 alterum
406 1697 566 1729 scholium
590 1696 698 1737 posita
723 1697 799 1727 sunt
823 1694 865 1737 (p.
892 1694 968 1735 157,
993 1694 1035 1725 20
1054 1713 1096 1716 —
1116 1706 1144 1735 p.
1168 1694 1243 1735 158,
1267 1692 1300 1735 6)
1325 1704 1520 1735 quamquam

243 1763 306 1783 11011
331 1753 483 1793 poterant
507 1761 570 1782 non
592 1749 784 1790 dignissima
803 1749 903 1780 videri
925 1759 1006 1790 quae
1033 1748 1261 1788 reciperentur,
1286 1746 1429 1778 Isidorus
1456 1757 1519 1777 non

244 1805 422 1845 exscripsit.
461 1805 516 1834 aut
545 1803 645 1845 igitur
677 1802 777 1833 alium
802 1803 930 1843 praeter
958 1801 1147 1833 Servianum
1177 1799 1443 1832 commentarium
1473 1799 1519 1830 in—

216 1879 219 1882 >
245 1858 362 1900 spexit,
388 1859 443 1889 aut
467 1868 504 1888 ex
525 1856 686 1898 originum
707 1856 790 1887 libro
811 1856 843 1887 in
863 1855 1040 1896 pleniorem
1056 1854 1197 1886 codicem
1216 1854 1314 1885 verba
1338 1853 1396 1884 illa
1418 1854 1522 1884 trans-

246 1913 313 1943 lata
339 1913 420 1942 sunt.
457 1911 541 1942 idem
567 1909 772 1941 iudicandum
789 1911 838 1940 est
862 1908 900 1939 de
916 1908 966 1939 his
991 1907 1105 1939 Isidori
1125 1907 1232 1938 verbis
1249 1905 1308 1948 (or.
1323 1904 1383 1936 XV
1402 1905 1451 1946 16,
1468 1903 1522 1946 11)

244 1966 377 1997 divortia
404 1967 476 1996 sunt
504 1964 602 2004 flexus
632 1964 768 2000 viarum,
800 1962 854 1993 hoc
881 1964 923 1993 est
950 1961 1017 1993 viae
1045 1962 1079 1992 in
1107 1961 1228 1992 diversa
1256 1960 1414 1991 tendentes.
1451 1959 1523 1989 item

244 2019 424 2050 diverticula
447 2021 532 2058 sum,
560 2018 613 2048 hoc
642 2019 685 2048 est
713 2017 848 2047 diversae
878 2026 914 2047 ac
937 2015 1053 2046 divisae
1081 2014 1148 2045 viae
1172 2015 1233 2045 sive
1262 2016 1453 2045 transversae
1479 2021 1522 2043 sc-

245 2074 351 2111 mitae,
380 2084 458 2112 (seme
485 2075 557 2103 szmt
585 2083 605 2102 α
635 2072 727 2102 latere
754 2070 821 2101 vinc
850 2080 921 2100 cum
952 2068 1075 2100 scholio
1106 2068 1143 2099 ad
1175 2067 1253 2099 Aen.
1277 2066 1323 2097 IX
1350 2065 1412 2097 379
1438 2064 1522 2106 quod
1547 2092 1549 2094 .

246 2127 331 2158 infra
365 2126 477 2167 scripsi
512 2124 721 2166 comparatis:
771 2134 815 2155 An
851 2133 1007 2154 mmmm
1047 2122 1126 2160 [viae
1156 2121 1190 2152 in
1223 2121 1343 2152 diversa
1375 2118 1523 2150 tendentes

245 2181 299 2211 hoc
325 2181 381 2219 est]
407 2180 448 2210 ad
475 2179 656 2209 devm-ticum
686 2178 753 2209 viae
782 2177 944 2208 militaris:
981 2175 1140 2207 Terentius
1168 2174 1236 2205 ‘ubi
1263 2173 1306 2205 ad
1327 2173 1429 2213 ‘ipsum
1456 2170 1524 2202 veni

245 2232 484 2265 deverticulum'.
522 2232 703 2263 ‹levvrtesscula
729 2233 831 2262 autem
854 2233 926 2261 sunt
949 2230 1072 2261 semitae
1097 2231 1289 2260 transversae
1311 2235 1388 2266 quae
1410 2217 1482 2256 sunt
1504 2234 1524 2255 a

247 2288 340 2319 latere
362 2287 429 2318 viae
448 2286 603 2317 militaris.
642 2296 718 2315 nam
739 2284 817 2315 duas
839 2282 1015 2315 ‘divortia'
1040 2282 1127 2314 vocis
1147 2279 1431 2320 interpretationes
1451 2276 1523 2308 ‘hoc

247 2340 313 2371 est'
338 2339 477 2371 formula.
502 2337 696 2379 interposita
724 2338 831 2378 inepte
860 2336 1046 2367 coniunctas
1076 2345 1144 2365 esse
1174 2344 1237 2365 non
1267 2333 1316 2363 est
1344 2330 1428 2373 quod
1458 2341 1523 2361 mo-
