<?xml version="1.0" encoding="UTF-8"?>
<!DOCTYPE html PUBLIC "-//W3C//DTD XHTML 1.0 Transitional//EN"
    "http://www.w3.org/TR/xhtml1/DTD/xhtml1-transitional.dtd">
<html xmlns="http://www.w3.org/1999/xhtml" xml:lang="en" lang="en">
 <head>
  <title>
</title>
<meta http-equiv="Content-Type" content="text/html;charset=utf-8" />
  <meta name='ocr-system' content='tesseract 3.04.00' />
  <meta name='ocr-capabilities' content='ocr_page ocr_carea ocr_par ocr_line ocrx_word'/>
</head>
<body>
  <div class='ocr_page' id='page_1' title='image "./serviigrammatici01bons_0687.png"; bbox 0 0 1690 2611; ppageno 0'>
   <div class='ocr_carea' id='block_1_1' title="bbox 494 139 1447 171">
    <p class='ocr_par' dir='ltr' id='par_1_1' title="bbox 494 139 1447 171">
     <span class='ocr_line' id='line_1_1' title="bbox 494 139 1447 171; baseline 0.001 -1"><span class='ocrx_word' id='word_1_1' title='bbox 494 143 607 171; x_wconf 85' lang='lat' dir='ltr'>COMM.</span> <span class='ocrx_word' id='word_1_2' title='bbox 628 141 666 169; x_wconf 87' lang='lat' dir='ltr'><em>IN</em></span> <span class='ocrx_word' id='word_1_3' title='bbox 687 141 792 169; x_wconf 80' lang='lat' dir='ltr'>VERG.</span> <span class='ocrx_word' id='word_1_4' title='bbox 813 142 897 169; x_wconf 83' lang='lat' dir='ltr'>AEN.</span> <span class='ocrx_word' id='word_1_5' title='bbox 917 141 961 168; x_wconf 87' lang='lat' dir='ltr'><em>IV.</em></span> <span class='ocrx_word' id='word_1_6' title='bbox 983 144 1132 169; x_wconf 74' lang='lat'>697—704.</span> <span class='ocrx_word' id='word_1_7' title='bbox 1383 139 1447 171; x_wconf 76' lang='lat'><em>585</em></span> 
     </span>
    </p>
   </div>
   <div class='ocr_carea' id='block_1_2' title="bbox 168 223 1454 1498">
    <p class='ocr_par' dir='ltr' id='par_1_2' title="bbox 173 223 1450 419">
     <span class='ocr_line' id='line_1_2' title="bbox 175 223 1447 269; baseline -0.004 -10"><span class='ocrx_word' id='word_1_8' title='bbox 175 226 229 258; x_wconf 82' lang='lat' dir='ltr'><em>sed</em></span> <span class='ocrx_word' id='word_1_9' title='bbox 248 227 355 269; x_wconf 84' lang='lat' dir='ltr'><em>nigra:</em></span> <span class='ocrx_word' id='word_1_10' title='bbox 379 226 461 258; x_wconf 89' lang='lat' dir='ltr'><em>unde</em></span> <span class='ocrx_word' id='word_1_11' title='bbox 481 225 640 258; x_wconf 85' lang='lat' dir='ltr'><em>Iuvenalis</em></span> <span class='ocrx_word' id='word_1_12' title='bbox 661 224 830 265; x_wconf 79' lang='lat' dir='ltr'>&lt;V1120&gt;</span> <span class='ocrx_word' id='word_1_13' title='bbox 855 226 891 255; x_wconf 88' lang='lat' dir='ltr'><em>et</em></span> <span class='ocrx_word' id='word_1_14' title='bbox 913 224 1026 265; x_wconf 85' lang='lat' dir='ltr'><em>nigro</em></span> <span class='ocrx_word' id='word_1_15' title='bbox 1050 224 1194 255; x_wconf 88' lang='lat' dir='ltr'><em>flavum</em></span> <span class='ocrx_word' id='word_1_16' title='bbox 1215 223 1360 255; x_wconf 86' lang='lat' dir='ltr'><em>crinem</em></span> <span class='ocrx_word' id='word_1_17' title='bbox 1385 224 1447 254; x_wconf 86' lang='lat' dir='ltr'><em>ab·</em></span> 
     </span>
     <span class='ocr_line' id='line_1_3' title="bbox 173 276 1450 322; baseline -0.004 -9"><span class='ocrx_word' id='word_1_18' title='bbox 173 281 383 312; x_wconf 82' lang='lat' dir='ltr'><em>scondente</em></span> <span class='ocrx_word' id='word_1_19' title='bbox 408 280 550 322; x_wconf 85' lang='lat' dir='ltr'><em>galero.</em></span> <span class='ocrx_word' id='word_1_20' title='bbox 596 278 670 310; x_wconf 85' lang='lat' dir='ltr'><em>huie</em></span> <span class='ocrx_word' id='word_1_21' title='bbox 694 289 771 320; x_wconf 87' lang='lat' dir='ltr'><em>ergo</em></span> <span class='ocrx_word' id='word_1_22' title='bbox 796 278 852 309; x_wconf 85' lang='lat' dir='ltr'><em>dat</em></span> <span class='ocrx_word' id='word_1_23' title='bbox 877 278 969 318; x_wconf 80' lang='lat' dir='ltr'><em>quasi</em></span> <span class='ocrx_word' id='word_1_24' title='bbox 993 278 1092 318; x_wconf 90' lang='lat' dir='ltr'><em>turpi:</em></span> <span class='ocrx_word' id='word_1_25' title='bbox 1115 278 1160 308; x_wconf 82' lang='lat' dir='ltr'><em>vel</em></span> <span class='ocrx_word' id='word_1_26' title='bbox 1181 278 1256 317; x_wconf 77' lang='lat' dir='ltr'><em>qnia</em></span> <span class='ocrx_word' id='word_1_27' title='bbox 1279 278 1312 308; x_wconf 78' lang='lat' dir='ltr'><em>in</em></span> <span class='ocrx_word' id='word_1_28' title='bbox 1336 276 1450 309; x_wconf 81' lang='lat' dir='ltr'><em>Catone</em></span> 
     </span>
     <span class='ocr_line' id='line_1_4' title="bbox 174 330 1448 374; baseline -0.005 -8"><span class='ocrx_word' id='word_1_29' title='bbox 174 334 283 374; x_wconf 71' lang='lat' dir='ltr'><em>leqitm·</em></span> <span class='ocrx_word' id='word_1_30' title='bbox 310 335 346 366; x_wconf 79' lang='lat' dir='ltr'><em>de</em></span> <span class='ocrx_word' id='word_1_31' title='bbox 373 336 588 365; x_wconf 79' lang='lat' dir='ltr'><em>‘matronarum</em></span> <span class='ocrx_word' id='word_1_32' title='bbox 618 331 754 363; x_wconf 76' lang='lat' dir='ltr'><em>crinibus</em></span> <span class='ocrx_word' id='word_1_33' title='bbox 781 331 883 370; x_wconf 75' lang='lat' dir='ltr'><em>flavo</em></span> <span class='ocrx_word' id='word_1_34' title='bbox 911 331 1031 362; x_wconf 72' lang='lat' dir='ltr'><em>cinere</em></span> <span class='ocrx_word' id='word_1_35' title='bbox 1060 330 1295 361; x_wconf 69' lang='lat' dir='ltr'><em>auctitabant</em></span> <span class='ocrx_word' id='word_1_36' title='bbox 1321 332 1361 361; x_wconf 80' lang='lat' dir='ltr'><em>nt</em></span> <span class='ocrx_word' id='word_1_37' title='bbox 1388 341 1448 361; x_wconf 79' lang='lat' dir='ltr'><em>ru-</em></span> 
     </span>
     <span class='ocr_line' id='line_1_5' title="bbox 174 387 386 419; baseline 0.005 -1"><span class='ocrx_word' id='word_1_38' title='bbox 174 387 236 419; x_wconf 65' lang='lat' dir='ltr'><em>tili</em></span> <span class='ocrx_word' id='word_1_39' title='bbox 259 390 386 419; x_wconf 81' lang='lat' dir='ltr'><em>essent.</em></span> 
     </span>
    </p>

    <p class='ocr_par' dir='ltr' id='par_1_3' title="bbox 168 437 1451 1016">
     <span class='ocr_line' id='line_1_6' title="bbox 262 437 1449 472; baseline -0.005 1"><span class='ocrx_word' id='word_1_40' title='bbox 262 441 336 472; x_wconf 87' lang='grc'>699.</span> <span class='ocrx_word' id='word_1_41' title='bbox 373 449 482 472; x_wconf 81' lang='lat' dir='ltr'>CAPVT</span> <span class='ocrx_word' id='word_1_42' title='bbox 520 447 760 471; x_wconf 80' lang='lat' dir='ltr'>DAMNAVERAT</span> <span class='ocrx_word' id='word_1_43' title='bbox 798 437 932 469; x_wconf 83' lang='lat' dir='ltr'>necdum</span> <span class='ocrx_word' id='word_1_44' title='bbox 973 448 1044 468; x_wconf 85' lang='lat' dir='ltr'><em>eam</em></span> <span class='ocrx_word' id='word_1_45' title='bbox 1088 437 1184 467; x_wconf 86' lang='lat' dir='ltr'><em>morti</em></span> <span class='ocrx_word' id='word_1_46' title='bbox 1221 437 1449 468; x_wconf 81' lang='lat' dir='ltr'><em>destinaverat.</em></span> 
     </span>
     <span class='ocr_line' id='line_1_7' title="bbox 168 489 1448 535; baseline -0.003 -10"><span class='ocrx_word' id='word_1_47' title='bbox 168 497 267 535; x_wconf 73' lang='lat' dir='ltr'><em>potest</em></span> <span class='ocrx_word' id='word_1_48' title='bbox 288 495 386 534; x_wconf 73' lang='lat' dir='ltr'><em>accipi</em></span> <span class='ocrx_word' id='word_1_49' title='bbox 409 493 582 534; x_wconf 73' lang='lat' dir='ltr'><em>‘Styyc&#39;oque</em></span> <span class='ocrx_word' id='word_1_50' title='bbox 604 495 695 532; x_wconf 72' lang='lat' dir='ltr'><em>capnt</em></span> <span class='ocrx_word' id='word_1_51' title='bbox 717 493 919 524; x_wconf 77' lang='lat' dir='ltr'><em>damnaverat</em></span> <span class='ocrx_word' id='word_1_52' title='bbox 938 489 1040 528; x_wconf 75' lang='lat' dir='ltr'><em>Orco’,</em></span> <span class='ocrx_word' id='word_1_53' title='bbox 1064 493 1098 521; x_wconf 47' lang='lat' dir='ltr'><em>&#39;at</em></span> <span class='ocrx_word' id='word_1_54' title='bbox 1121 490 1274 521; x_wconf 75' lang='lat' dir='ltr'><em>Didonem</em></span> <span class='ocrx_word' id='word_1_55' title='bbox 1293 493 1359 521; x_wconf 73' lang='lat' dir='ltr'><em>voto</em></span> <span class='ocrx_word' id='word_1_56' title='bbox 1380 491 1448 522; x_wconf 74' lang='lat' dir='ltr'><em>llbe-</em></span> 
     </span>
     <span class='ocr_line' id='line_1_8' title="bbox 174 545 1449 588; baseline -0.004 -9"><span class='ocrx_word' id='word_1_57' title='bbox 174 550 265 588; x_wconf 82' lang='lat' dir='ltr'><em>raret,</em></span> <span class='ocrx_word' id='word_1_58' title='bbox 288 548 368 588; x_wconf 80' lang='lat' dir='ltr'><em>quod</em></span> <span class='ocrx_word' id='word_1_59' title='bbox 391 558 507 587; x_wconf 74' lang='lat' dir='ltr'><em>semper</em></span> <span class='ocrx_word' id='word_1_60' title='bbox 534 557 636 577; x_wconf 82' lang='lat' dir='ltr'><em>omnes</em></span> <span class='ocrx_word' id='word_1_61' title='bbox 668 548 786 586; x_wconf 68' lang='lat' dir='ltr'><em>optant,</em></span> <span class='ocrx_word' id='word_1_62' title='bbox 819 548 853 576; x_wconf 81' lang='lat' dir='ltr'><em>at</em></span> <span class='ocrx_word' id='word_1_63' title='bbox 884 546 949 576; x_wconf 73' lang='lat' dir='ltr'><em>sine</em></span> <span class='ocrx_word' id='word_1_64' title='bbox 981 545 1117 575; x_wconf 74' lang='lat' dir='ltr'><em>cruciatu</em></span> <span class='ocrx_word' id='word_1_65' title='bbox 1153 545 1342 575; x_wconf 69' lang='lat' dir='ltr'><em>moriantur:</em></span> <span class='ocrx_word' id='word_1_66' title='bbox 1375 555 1449 575; x_wconf 83' lang='lat' dir='ltr'><em>nam</em></span> 
     </span>
     <span class='ocr_line' id='line_1_9' title="bbox 173 598 1451 641; baseline -0.004 -9"><span class='ocrx_word' id='word_1_67' title='bbox 173 602 333 632; x_wconf 72' lang='lat' dir='ltr'><em>subiunxit</em></span> <span class='ocrx_word' id='word_1_68' title='bbox 356 600 451 632; x_wconf 70' lang='lat' dir='ltr'><em>‘lame</em></span> <span class='ocrx_word' id='word_1_69' title='bbox 473 611 523 641; x_wconf 74' lang='lat' dir='ltr'><em>eyo</em></span> <span class='ocrx_word' id='word_1_70' title='bbox 547 599 618 631; x_wconf 74' lang='lat' dir='ltr'><em>Diti</em></span> <span class='ocrx_word' id='word_1_71' title='bbox 640 599 779 631; x_wconf 77' lang='lat' dir='ltr'><em>sacram’</em></span> <span class='ocrx_word' id='word_1_72' title='bbox 808 602 835 630; x_wconf 83' lang='lat' dir='ltr'><em>et</em></span> <span class='ocrx_word' id='word_1_73' title='bbox 864 599 994 639; x_wconf 67' lang='lat' dir='ltr'><em>reliqua,</em></span> <span class='ocrx_word' id='word_1_74' title='bbox 1023 598 1056 628; x_wconf 65' lang='lat' dir='ltr'><em>id</em></span> <span class='ocrx_word' id='word_1_75' title='bbox 1083 600 1126 628; x_wconf 78' lang='lat' dir='ltr'><em>est</em></span> <span class='ocrx_word' id='word_1_76' title='bbox 1153 598 1252 628; x_wconf 75' lang='lat' dir='ltr'><em>libero.</em></span> <span class='ocrx_word' id='word_1_77' title='bbox 1301 598 1344 628; x_wconf 68' lang='lat' dir='ltr'><em>vel</em></span> <span class='ocrx_word' id='word_1_78' title='bbox 1373 598 1451 628; x_wconf 68' lang='lat' dir='ltr'><em>illm]</em></span> 
     </span>
     <span class='ocr_line' id='line_1_10' title="bbox 176 651 1449 693; baseline -0.004 -7"><span class='ocrx_word' id='word_1_79' title='bbox 176 655 214 685; x_wconf 77' lang='lat' dir='ltr'><em>ab</em></span> <span class='ocrx_word' id='word_1_80' title='bbox 239 654 316 686; x_wconf 85' lang='lat' dir='ltr'><em>Orco</em></span> <span class='ocrx_word' id='word_1_81' title='bbox 339 655 473 686; x_wconf 79' lang='lat' dir='ltr'><em>nondmn</em></span> <span class='ocrx_word' id='word_1_82' title='bbox 499 654 691 693; x_wconf 59' lang='lat' dir='ltr'><em>limaverat,</em></span> <span class='ocrx_word' id='word_1_83' title='bbox 716 664 783 684; x_wconf 80' lang='lat' dir='ltr'><em>cam</em></span> <span class='ocrx_word' id='word_1_84' title='bbox 812 653 866 684; x_wconf 71' lang='lat' dir='ltr'><em>illa</em></span> <span class='ocrx_word' id='word_1_85' title='bbox 891 653 1027 684; x_wconf 70' lang='lat' dir='ltr'><em>devotmn</em></span> <span class='ocrx_word' id='word_1_86' title='bbox 1051 652 1163 682; x_wconf 77' lang='lat' dir='ltr'><em>crinem</em></span> <span class='ocrx_word' id='word_1_87' title='bbox 1192 651 1292 682; x_wconf 74' lang='lat' dir='ltr'><em>adhuc</em></span> <span class='ocrx_word' id='word_1_88' title='bbox 1317 652 1449 682; x_wconf 69' lang='lat' dir='ltr'><em>retinens</em></span> 
     </span>
     <span class='ocr_line' id='line_1_11' title="bbox 174 696 1449 748; baseline -0.003 -8"><span class='ocrx_word' id='word_1_89' title='bbox 174 709 254 740; x_wconf 80' lang='lat' dir='ltr'><em>inter</em></span> <span class='ocrx_word' id='word_1_90' title='bbox 276 719 341 740; x_wconf 82' lang='lat' dir='ltr'><em>reos</em></span> <span class='ocrx_word' id='word_1_91' title='bbox 363 710 443 739; x_wconf 79' lang='lat' dir='ltr'><em>esset.</em></span> <span class='ocrx_word' id='word_1_92' title='bbox 489 718 556 748; x_wconf 69' lang='lat' dir='ltr'><em>erqo</em></span> <span class='ocrx_word' id='word_1_93' title='bbox 580 696 791 746; x_wconf 76' lang='lat' dir='ltr'><em>cm&#39;uscamqae</em></span> <span class='ocrx_word' id='word_1_94' title='bbox 813 706 912 740; x_wconf 73' lang='lat' dir='ltr'><em>debiti,</em></span> <span class='ocrx_word' id='word_1_95' title='bbox 938 706 970 736; x_wconf 72' lang='lat' dir='ltr'><em>id</em></span> <span class='ocrx_word' id='word_1_96' title='bbox 991 708 1033 737; x_wconf 76' lang='lat' dir='ltr'><em>est</em></span> <span class='ocrx_word' id='word_1_97' title='bbox 1055 707 1158 736; x_wconf 77' lang='lat' dir='ltr'><em>reatus</em></span> <span class='ocrx_word' id='word_1_98' title='bbox 1181 706 1338 736; x_wconf 79' lang='lat' dir='ltr'><em>damuatio</em></span> <span class='ocrx_word' id='word_1_99' title='bbox 1357 705 1449 745; x_wconf 74' lang='lat' dir='ltr'><em>finem</em></span> 
     </span>
     <span class='ocr_line' id='line_1_12' title="bbox 172 758 1449 801; baseline -0.002 -8"><span class='ocrx_word' id='word_1_100' title='bbox 172 762 259 801; x_wconf 75' lang='lat' dir='ltr'><em>facit.</em></span> <span class='ocrx_word' id='word_1_101' title='bbox 296 760 471 793; x_wconf 75' lang='lat' dir='ltr'><em>‘damnare’</em></span> <span class='ocrx_word' id='word_1_102' title='bbox 496 763 597 792; x_wconf 78' lang='lat' dir='ltr'><em>autem</em></span> <span class='ocrx_word' id='word_1_103' title='bbox 622 763 665 792; x_wconf 67' lang='lat' dir='ltr'><em>est</em></span> <span class='ocrx_word' id='word_1_104' title='bbox 687 761 799 791; x_wconf 74' lang='lat' dir='ltr'><em>damno</em></span> <span class='ocrx_word' id='word_1_105' title='bbox 823 760 962 799; x_wconf 78' lang='lat' dir='ltr'><em>adficere,</em></span> <span class='ocrx_word' id='word_1_106' title='bbox 988 759 1019 789; x_wconf 74' lang='lat' dir='ltr'><em>id</em></span> <span class='ocrx_word' id='word_1_107' title='bbox 1041 761 1083 789; x_wconf 83' lang='lat' dir='ltr'><em>est</em></span> <span class='ocrx_word' id='word_1_108' title='bbox 1106 759 1201 790; x_wconf 65' lang='lat' dir='ltr'><em>debito</em></span> <span class='ocrx_word' id='word_1_109' title='bbox 1221 758 1354 790; x_wconf 72' lang='lat' dir='ltr'><em>liberare.</em></span> <span class='ocrx_word' id='word_1_110' title='bbox 1387 759 1449 790; x_wconf 75' lang='lat' dir='ltr'><em>ideo</em></span> 
     </span>
     <span class='ocr_line' id='line_1_13' title="bbox 174 812 1447 855; baseline -0.003 -9"><span class='ocrx_word' id='word_1_111' title='bbox 174 818 202 846; x_wconf 76' lang='lat' dir='ltr'><em>et</em></span> <span class='ocrx_word' id='word_1_112' title='bbox 224 826 292 846; x_wconf 77' lang='lat' dir='ltr'><em>cam</em></span> <span class='ocrx_word' id='word_1_113' title='bbox 315 818 382 846; x_wconf 68' lang='lat' dir='ltr'><em>‘cota</em></span> <span class='ocrx_word' id='word_1_114' title='bbox 405 815 596 855; x_wconf 67' lang='lat' dir='ltr'><em>saseipinms,</em></span> <span class='ocrx_word' id='word_1_115' title='bbox 619 815 664 845; x_wconf 78' lang='lat' dir='ltr'><em>rel</em></span> <span class='ocrx_word' id='word_1_116' title='bbox 686 815 747 845; x_wconf 76' lang='lat' dir='ltr'><em>voti</em></span> <span class='ocrx_word' id='word_1_117' title='bbox 769 814 910 853; x_wconf 67' lang='lat' dir='ltr'><em>dicimur,</em></span> <span class='ocrx_word' id='word_1_118' title='bbox 929 813 1020 844; x_wconf 67' lang='lat' dir='ltr'><em>donee</em></span> <span class='ocrx_word' id='word_1_119' title='bbox 1038 823 1257 852; x_wconf 70' lang='lat' dir='ltr'><em>consequamur</em></span> <span class='ocrx_word' id='word_1_120' title='bbox 1276 812 1447 852; x_wconf 75' lang='lat' dir='ltr'><em>benefieizmz</em></span> 
     </span>
     <span class='ocr_line' id='line_1_14' title="bbox 175 866 1450 907; baseline -0.003 -7"><span class='ocrx_word' id='word_1_121' title='bbox 175 871 202 900; x_wconf 78' lang='lat' dir='ltr'><em>et</em></span> <span class='ocrx_word' id='word_1_122' title='bbox 224 869 315 900; x_wconf 77' lang='lat' dir='ltr'><em>donec</em></span> <span class='ocrx_word' id='word_1_123' title='bbox 342 869 587 903; x_wconf 69' lang='lat' dir='ltr'><em>condemnemur,</em></span> <span class='ocrx_word' id='word_1_124' title='bbox 622 868 654 898; x_wconf 77' lang='lat' dir='ltr'><em>id</em></span> <span class='ocrx_word' id='word_1_125' title='bbox 678 870 722 899; x_wconf 78' lang='lat' dir='ltr'><em>est</em></span> <span class='ocrx_word' id='word_1_126' title='bbox 743 867 900 907; x_wconf 75' lang='lat' dir='ltr'><em>promissa</em></span> <span class='ocrx_word' id='word_1_127' title='bbox 923 867 1090 906; x_wconf 72' lang='lat' dir='ltr'><em>solvamus,</em></span> <span class='ocrx_word' id='word_1_128' title='bbox 1125 869 1157 896; x_wconf 78' lang='lat' dir='ltr'><em>at</em></span> <span class='ocrx_word' id='word_1_129' title='bbox 1185 866 1385 897; x_wconf 67' lang='lat' dir='ltr'><em>damnabis</em></span> <span class='ocrx_word' id='word_1_130' title='bbox 1414 869 1450 897; x_wconf 75' lang='lat' dir='ltr'><em>ta</em></span> 
     </span>
     <span class='ocr_line' id='line_1_15' title="bbox 174 919 1450 962; baseline -0.002 -9"><span class='ocrx_word' id='word_1_131' title='bbox 174 933 312 962; x_wconf 71' lang='lat' dir='ltr'><em>quoque</em></span> <span class='ocrx_word' id='word_1_132' title='bbox 335 923 435 953; x_wconf 75' lang='lat' dir='ltr'><em>votis.</em></span> <span class='ocrx_word' id='word_1_133' title='bbox 482 924 507 952; x_wconf 72' lang='lat' dir='ltr'><em>et</em></span> <span class='ocrx_word' id='word_1_134' title='bbox 531 922 601 953; x_wconf 75' lang='lat' dir='ltr'><em>bene</em></span> <span class='ocrx_word' id='word_1_135' title='bbox 620 924 709 961; x_wconf 78' lang='lat' dir='ltr'><em>poeta</em></span> <span class='ocrx_word' id='word_1_136' title='bbox 733 932 794 952; x_wconf 72' lang='lat' dir='ltr'><em>non</em></span> <span class='ocrx_word' id='word_1_137' title='bbox 817 921 863 952; x_wconf 32' lang='lat' dir='ltr'><em>avit</em></span> <span class='ocrx_word' id='word_1_138' title='bbox 886 919 990 951; x_wconf 76' lang='lat' dir='ltr'><em>‘illam</em></span> <span class='ocrx_word' id='word_1_139' title='bbox 1009 919 1234 959; x_wconf 58' lang='lat' dir='ltr'><em>dammarrat’,</em></span> <span class='ocrx_word' id='word_1_140' title='bbox 1257 920 1309 951; x_wconf 79' lang='lat' dir='ltr'><em>sed</em></span> <span class='ocrx_word' id='word_1_141' title='bbox 1332 919 1450 959; x_wconf 76' lang='lat' dir='ltr'><em>‘caput&#39;</em></span> 
     </span>
     <span class='ocr_line' id='line_1_16' title="bbox 175 975 844 1016; baseline -0.003 -9"><span class='ocrx_word' id='word_1_142' title='bbox 175 976 284 1016; x_wconf 76' lang='lat' dir='ltr'><em>ipsum,</em></span> <span class='ocrx_word' id='word_1_143' title='bbox 307 976 387 1007; x_wconf 75' lang='lat' dir='ltr'><em>mule</em></span> <span class='ocrx_word' id='word_1_144' title='bbox 410 976 505 1006; x_wconf 68' lang='lat' dir='ltr'><em>crinis</em></span> <span class='ocrx_word' id='word_1_145' title='bbox 526 976 631 1015; x_wconf 77' lang='lat' dir='ltr'><em>fuerat</em></span> <span class='ocrx_word' id='word_1_146' title='bbox 652 975 844 1014; x_wconf 71' lang='lat' dir='ltr'><em>auferendas.</em></span> 
     </span>
    </p>

    <p class='ocr_par' dir='ltr' id='par_1_4' title="bbox 176 1027 1452 1274">
     <span class='ocr_line' id='line_1_17' title="bbox 265 1027 1450 1069; baseline -0.002 -9"><span class='ocrx_word' id='word_1_147' title='bbox 265 1029 337 1060; x_wconf 87' lang='lat'>700.</span> <span class='ocrx_word' id='word_1_148' title='bbox 375 1038 442 1060; x_wconf 85' lang='lat' dir='ltr'>IRIS</span> <span class='ocrx_word' id='word_1_149' title='bbox 472 1037 620 1061; x_wconf 82' lang='lat' dir='ltr'>ROSCIDA</span> <span class='ocrx_word' id='word_1_150' title='bbox 645 1028 720 1069; x_wconf 85' lang='lat' dir='ltr'><em>quia</em></span> <span class='ocrx_word' id='word_1_151' title='bbox 745 1039 816 1059; x_wconf 86' lang='lat' dir='ltr'><em>cum</em></span> <span class='ocrx_word' id='word_1_152' title='bbox 841 1027 982 1059; x_wconf 80' lang='lat' dir='ltr'><em>nubibus</em></span> <span class='ocrx_word' id='word_1_153' title='bbox 1007 1029 1069 1067; x_wconf 82' lang='lat' dir='ltr'><em>est,</em></span> <span class='ocrx_word' id='word_1_154' title='bbox 1097 1038 1178 1068; x_wconf 85' lang='lat' dir='ltr'><em>quae</em></span> <span class='ocrx_word' id='word_1_155' title='bbox 1208 1038 1278 1058; x_wconf 88' lang='lat' dir='ltr'><em>rore</em></span> <span class='ocrx_word' id='word_1_156' title='bbox 1307 1038 1371 1058; x_wconf 89' lang='lat' dir='ltr'><em>non</em></span> <span class='ocrx_word' id='word_1_157' title='bbox 1401 1038 1450 1058; x_wconf 89' lang='lat' dir='ltr'><em>ca-</em></span> 
     </span>
     <span class='ocr_line' id='line_1_18' title="bbox 177 1079 1451 1121; baseline -0.003 -7"><span class='ocrx_word' id='word_1_158' title='bbox 177 1085 256 1114; x_wconf 88' lang='lat' dir='ltr'><em>rent.</em></span> <span class='ocrx_word' id='word_1_159' title='bbox 346 1091 508 1114; x_wconf 80' lang='lat' dir='ltr'>ADVERSO</span> <span class='ocrx_word' id='word_1_160' title='bbox 534 1091 620 1114; x_wconf 83' lang='lat' dir='ltr'>SOLE</span> <span class='ocrx_word' id='word_1_161' title='bbox 654 1082 733 1113; x_wconf 90' lang='lat' dir='ltr'><em>bene</em></span> <span class='ocrx_word' id='word_1_162' title='bbox 757 1081 936 1112; x_wconf 75' lang='lat' dir='ltr'><em>naturalem</em></span> <span class='ocrx_word' id='word_1_163' title='bbox 966 1092 1033 1112; x_wconf 87' lang='lat' dir='ltr'><em>rem</em></span> <span class='ocrx_word' id='word_1_164' title='bbox 1064 1080 1231 1121; x_wconf 71' lang='lat' dir='ltr'><strong>expressit.</strong></span> <span class='ocrx_word' id='word_1_165' title='bbox 1276 1079 1337 1111; x_wconf 87' lang='lat' dir='ltr'><em>Iris</em></span> <span class='ocrx_word' id='word_1_166' title='bbox 1366 1081 1451 1111; x_wconf 85' lang='lat' dir='ltr'><em>enim</em></span> 
     </span>
     <span class='ocr_line' id='line_1_19' title="bbox 176 1134 1452 1177; baseline -0.002 -10"><span class='ocrx_word' id='word_1_167' title='bbox 176 1137 238 1168; x_wconf 84' lang='lat' dir='ltr'><em>nisi</em></span> <span class='ocrx_word' id='word_1_168' title='bbox 263 1148 279 1167; x_wconf 89' lang='lat' dir='ltr'><em>e</em></span> <span class='ocrx_word' id='word_1_169' title='bbox 302 1137 433 1177; x_wconf 75' lang='lat' dir='ltr'>regione</span> <span class='ocrx_word' id='word_1_170' title='bbox 464 1136 540 1167; x_wconf 80' lang='lat' dir='ltr'><em>solis</em></span> <span class='ocrx_word' id='word_1_171' title='bbox 569 1147 632 1166; x_wconf 85' lang='lat' dir='ltr'><em>non</em></span> <span class='ocrx_word' id='word_1_172' title='bbox 662 1136 707 1175; x_wconf 80' lang='lat' dir='ltr'><em>fit,</em></span> <span class='ocrx_word' id='word_1_173' title='bbox 738 1136 787 1166; x_wconf 88' lang='lat' dir='ltr'><em>cui</em></span> <span class='ocrx_word' id='word_1_174' title='bbox 820 1135 924 1166; x_wconf 84' lang='lat' dir='ltr'><em>varios</em></span> <span class='ocrx_word' id='word_1_175' title='bbox 956 1135 1078 1166; x_wconf 81' lang='lat' dir='ltr'><em>colores</em></span> <span class='ocrx_word' id='word_1_176' title='bbox 1109 1134 1166 1165; x_wconf 84' lang='lat' dir='ltr'><em>illa</em></span> <span class='ocrx_word' id='word_1_177' title='bbox 1196 1134 1251 1164; x_wconf 85' lang='lat' dir='ltr'><em>dat</em></span> <span class='ocrx_word' id='word_1_178' title='bbox 1281 1145 1345 1174; x_wconf 81' lang='lat' dir='ltr'><em>res,</em></span> <span class='ocrx_word' id='word_1_179' title='bbox 1377 1134 1452 1175; x_wconf 88' lang='lat' dir='ltr'><em>quia</em></span> 
     </span>
     <span class='ocr_line' id='line_1_20' title="bbox 177 1188 1452 1231; baseline -0.002 -10"><span class='ocrx_word' id='word_1_180' title='bbox 177 1201 260 1231; x_wconf 87' lang='lat' dir='ltr'><em>aqua</em></span> <span class='ocrx_word' id='word_1_181' title='bbox 283 1189 403 1230; x_wconf 86' lang='lat' dir='ltr'><em>tenuis,</em></span> <span class='ocrx_word' id='word_1_182' title='bbox 432 1192 486 1220; x_wconf 63' lang='lat' dir='ltr'><em>aer</em></span> <span class='ocrx_word' id='word_1_183' title='bbox 514 1189 638 1221; x_wconf 86' lang='lat' dir='ltr'><em>lucidus</em></span> <span class='ocrx_word' id='word_1_184' title='bbox 667 1191 699 1220; x_wconf 87' lang='lat' dir='ltr'><em>et</em></span> <span class='ocrx_word' id='word_1_185' title='bbox 728 1189 827 1220; x_wconf 82' lang='lat' dir='ltr'><em>nubes</em></span> <span class='ocrx_word' id='word_1_186' title='bbox 857 1189 1034 1229; x_wconf 77' lang='lat' dir='ltr'><em>caligantes</em></span> <span class='ocrx_word' id='word_1_187' title='bbox 1063 1188 1235 1219; x_wconf 83' lang='lat' dir='ltr'><em>inradiata.</em></span> <span class='ocrx_word' id='word_1_188' title='bbox 1253 1188 1359 1219; x_wconf 84' lang='lat' dir='ltr'><em>varios</em></span> <span class='ocrx_word' id='word_1_189' title='bbox 1389 1199 1452 1219; x_wconf 88' lang='lat' dir='ltr'><em>cre-</em></span> 
     </span>
     <span class='ocr_line' id='line_1_21' title="bbox 177 1243 390 1274; baseline 0 0"><span class='ocrx_word' id='word_1_190' title='bbox 177 1246 234 1274; x_wconf 88' lang='lat' dir='ltr'><em>ant</em></span> <span class='ocrx_word' id='word_1_191' title='bbox 257 1243 390 1274; x_wconf 82' lang='lat' dir='ltr'><em>colores.</em></span> 
     </span>
    </p>

    <p class='ocr_par' dir='ltr' id='par_1_5' title="bbox 177 1294 1454 1444">
     <span class='ocr_line' id='line_1_22' title="bbox 266 1294 1454 1336; baseline -0.002 -9"><span class='ocrx_word' id='word_1_192' title='bbox 266 1297 337 1328; x_wconf 83' lang='lat'>703.</span> <span class='ocrx_word' id='word_1_193' title='bbox 375 1309 490 1328; x_wconf 70' lang='lat' dir='ltr'><em>SAr&#39;RVM</em></span> <span class='ocrx_word' id='word_1_194' title='bbox 508 1309 592 1328; x_wconf 57' lang='lat' dir='ltr'><em>rrssn</em></span> <span class='ocrx_word' id='word_1_195' title='bbox 613 1309 685 1328; x_wconf 81' lang='lat' dir='ltr'><em>FERO</em></span> <span class='ocrx_word' id='word_1_196' title='bbox 708 1296 877 1336; x_wconf 69' lang='lat' dir='ltr'><em>Euripides</em></span> <span class='ocrx_word' id='word_1_197' title='bbox 892 1296 1029 1327; x_wconf 78' lang='lat' dir='ltr'><em>Alcestin</em></span> <span class='ocrx_word' id='word_1_198' title='bbox 1049 1294 1121 1326; x_wconf 60' lang='lat' dir='ltr'><em>Dite*</em></span> <span class='ocrx_word' id='word_1_199' title='bbox 1139 1297 1294 1326; x_wconf 77' lang='lat' dir='ltr'><em>sacratum</em></span> <span class='ocrx_word' id='word_1_200' title='bbox 1313 1294 1454 1326; x_wconf 71' lang='lat' dir='ltr'><em>habuisse</em></span> 
     </span>
     <span class='ocr_line' id='line_1_23' title="bbox 177 1349 1452 1391; baseline -0.002 -10"><span class='ocrx_word' id='word_1_201' title='bbox 177 1351 292 1381; x_wconf 71' lang='lat' dir='ltr'><em>crinem</em></span> <span class='ocrx_word' id='word_1_202' title='bbox 315 1351 399 1391; x_wconf 77' lang='lat' dir='ltr'><em>dicit,</em></span> <span class='ocrx_word' id='word_1_203' title='bbox 427 1351 507 1390; x_wconf 72' lang='lat' dir='ltr'><em>qnod</em></span> <span class='ocrx_word' id='word_1_204' title='bbox 530 1352 620 1391; x_wconf 73' lang='lat' dir='ltr'><em>poeta</em></span> <span class='ocrx_word' id='word_1_205' title='bbox 649 1350 809 1381; x_wconf 71' lang='lat' dir='ltr'><em>transtulit</em></span> <span class='ocrx_word' id='word_1_206' title='bbox 831 1350 873 1380; x_wconf 81' lang='lat' dir='ltr'><em>ad</em></span> <span class='ocrx_word' id='word_1_207' title='bbox 898 1349 1056 1381; x_wconf 77' lang='lat' dir='ltr'><em>Didonem.</em></span> <span class='ocrx_word' id='word_1_208' title='bbox 1152 1357 1311 1380; x_wconf 80' lang='lat' dir='ltr'>CORPORE</span> <span class='ocrx_word' id='word_1_209' title='bbox 1341 1357 1452 1380; x_wconf 83' lang='lat' dir='ltr'>SOLVO</span> 
     </span>
     <span class='ocr_line' id='line_1_24' title="bbox 177 1401 1386 1444; baseline -0.001 -10"><span class='ocrx_word' id='word_1_210' title='bbox 177 1404 211 1434; x_wconf 69' lang='lat' dir='ltr'><em>id</em></span> <span class='ocrx_word' id='word_1_211' title='bbox 233 1406 276 1435; x_wconf 79' lang='lat' dir='ltr'><em>cst</em></span> <span class='ocrx_word' id='word_1_212' title='bbox 298 1405 437 1435; x_wconf 70' lang='lat' dir='ltr'><em>animam</em></span> <span class='ocrx_word' id='word_1_213' title='bbox 462 1406 555 1441; x_wconf 72' lang='lat' dir='ltr'><em>tuam,</em></span> <span class='ocrx_word' id='word_1_214' title='bbox 580 1404 655 1444; x_wconf 87' lang='lat' dir='ltr'><em>quia</em></span> <span class='ocrx_word' id='word_1_215' title='bbox 679 1404 726 1434; x_wconf 82' lang='lat' dir='ltr'><em>ait</em></span> <span class='ocrx_word' id='word_1_216' title='bbox 750 1415 847 1444; x_wconf 86' lang='lat' dir='ltr'><em>supra</em></span> <span class='ocrx_word' id='word_1_217' title='bbox 870 1402 1048 1444; x_wconf 65' lang='lat' dir='ltr'><em>‘nexosque</em></span> <span class='ocrx_word' id='word_1_218' title='bbox 1072 1403 1248 1433; x_wconf 84' lang='lat' dir='ltr'><em>resolveret</em></span> <span class='ocrx_word' id='word_1_219' title='bbox 1272 1401 1386 1433; x_wconf 81' lang='lat' dir='ltr'><em>artus’.</em></span> 
     </span>
    </p>

    <p class='ocr_par' dir='ltr' id='par_1_6' title="bbox 268 1455 1453 1498">
     <span class='ocr_line' id='line_1_25' title="bbox 268 1455 1453 1498; baseline -0.002 -10"><span class='ocrx_word' id='word_1_220' title='bbox 268 1457 340 1488; x_wconf 80' lang='lat'><em>704.</em></span> <span class='ocrx_word' id='word_1_221' title='bbox 378 1466 485 1489; x_wconf 83' lang='lat' dir='ltr'>OMNIS</span> <span class='ocrx_word' id='word_1_222' title='bbox 510 1467 551 1488; x_wconf 85' lang='lat' dir='ltr'><em>ET</em></span> <span class='ocrx_word' id='word_1_223' title='bbox 577 1466 646 1488; x_wconf 75' lang='lat' dir='ltr'><em>VNA</em></span> <span class='ocrx_word' id='word_1_224' title='bbox 672 1469 734 1488; x_wconf 87' lang='lat' dir='ltr'><em>uno</em></span> <span class='ocrx_word' id='word_1_225' title='bbox 759 1457 883 1498; x_wconf 84' lang='lat' dir='ltr'><em>impetu</em></span> <span class='ocrx_word' id='word_1_226' title='bbox 909 1457 1008 1488; x_wconf 77' lang='lat' dir='ltr'><em>effusa</em></span> <span class='ocrx_word' id='word_1_227' title='bbox 1034 1459 1083 1488; x_wconf 82' lang='lat' dir='ltr'><em>est</em></span> <span class='ocrx_word' id='word_1_228' title='bbox 1106 1457 1182 1496; x_wconf 81' lang='lat' dir='ltr'><em>vita,</em></span> <span class='ocrx_word' id='word_1_229' title='bbox 1206 1456 1237 1486; x_wconf 91' lang='lat' dir='ltr'><em>id</em></span> <span class='ocrx_word' id='word_1_230' title='bbox 1262 1458 1311 1487; x_wconf 81' lang='lat' dir='ltr'><em>est</em></span> <span class='ocrx_word' id='word_1_231' title='bbox 1336 1455 1453 1486; x_wconf 84' lang='lat' dir='ltr'><em>anima.</em></span> 
     </span>
    </p>
   </div>
   <div class='ocr_carea' id='block_1_3' title="bbox 223 1510 1487 1550">
    <p class='ocr_par' dir='ltr' id='par_1_7' title="bbox 223 1510 1487 1550">
     <span class='ocr_line' id='line_1_26' title="bbox 223 1510 1487 1550; baseline -0.003 -8"><span class='ocrx_word' id='word_1_232' title='bbox 223 1519 386 1542; x_wconf 80' lang='lat' dir='ltr'>DILAPSVS</span> <span class='ocrx_word' id='word_1_233' title='bbox 412 1520 527 1543; x_wconf 81' lang='lat' dir='ltr'><strong>GALOR</strong></span> <span class='ocrx_word' id='word_1_234' title='bbox 552 1510 724 1541; x_wconf 78' lang='lat' dir='ltr'><em>secundum</em></span> <span class='ocrx_word' id='word_1_235' title='bbox 749 1522 803 1542; x_wconf 85' lang='lat' dir='ltr'><em>eos</em></span> <span class='ocrx_word' id='word_1_236' title='bbox 827 1511 879 1550; x_wconf 85' lang='lat' dir='ltr'><em>qui</em></span> <span class='ocrx_word' id='word_1_237' title='bbox 904 1511 1015 1541; x_wconf 87' lang='lat' dir='ltr'><em>dicunt</em></span> <span class='ocrx_word' id='word_1_238' title='bbox 1046 1511 1186 1541; x_wconf 79' lang='lat' dir='ltr'><em>animani</em></span> <span class='ocrx_word' id='word_1_239' title='bbox 1211 1510 1349 1540; x_wconf 83' lang='lat' dir='ltr'><em>calorem</em></span> <span class='ocrx_word' id='word_1_240' title='bbox 1375 1520 1454 1548; x_wconf 78' lang='lat' dir='ltr'><em>esse,</em></span> <span class='ocrx_word' id='word_1_241' title='bbox 1473 1518 1487 1537; x_wconf 73' lang='lat' dir='ltr'><em>z.</em></span> 
     </span>
    </p>
   </div>
   <div class='ocr_carea' id='block_1_4' title="bbox 178 1562 1452 1659">
    <p class='ocr_par' dir='ltr' id='par_1_8' title="bbox 178 1562 1452 1659">
     <span class='ocr_line' id='line_1_27' title="bbox 179 1562 1452 1605; baseline -0.002 -10"><span class='ocrx_word' id='word_1_242' title='bbox 179 1575 242 1605; x_wconf 82' lang='lat' dir='ltr'><em>qua</em></span> <span class='ocrx_word' id='word_1_243' title='bbox 265 1564 431 1595; x_wconf 76' lang='lat' dir='ltr'><em>recedente</em></span> <span class='ocrx_word' id='word_1_244' title='bbox 455 1575 570 1605; x_wconf 81' lang='lat' dir='ltr'><em>corpus</em></span> <span class='ocrx_word' id='word_1_245' title='bbox 594 1564 701 1604; x_wconf 78' lang='lat' dir='ltr'><em>friget,</em></span> <span class='ocrx_word' id='word_1_246' title='bbox 726 1566 761 1594; x_wconf 88' lang='lat' dir='ltr'><em>ut</em></span> <span class='ocrx_word' id='word_1_247' title='bbox 781 1563 847 1604; x_wconf 87' lang='lat' dir='ltr'><em>&lt;VI</em></span> <span class='ocrx_word' id='word_1_248' title='bbox 872 1564 958 1603; x_wconf 75' lang='lat'>219&gt;</span> <span class='ocrx_word' id='word_1_249' title='bbox 988 1574 1203 1605; x_wconf 81' lang='lat' dir='ltr'><em>corpusque</em></span> <span class='ocrx_word' id='word_1_250' title='bbox 1228 1563 1361 1594; x_wconf 79' lang='lat' dir='ltr'><em>lavant</em></span> <span class='ocrx_word' id='word_1_251' title='bbox 1386 1562 1452 1593; x_wconf 84' lang='lat' dir='ltr'><em>fri-</em></span> 
     </span>
     <span class='ocr_line' id='line_1_28' title="bbox 178 1618 550 1659; baseline 0 -10"><span class='ocrx_word' id='word_1_252' title='bbox 178 1618 307 1658; x_wconf 85' lang='lat' dir='ltr'><em>gentis</em></span> <span class='ocrx_word' id='word_1_253' title='bbox 332 1620 369 1649; x_wconf 85' lang='lat' dir='ltr'><em>et</em></span> <span class='ocrx_word' id='word_1_254' title='bbox 392 1620 550 1659; x_wconf 85' lang='lat' dir='ltr'><em>ungunt.</em></span> 
     </span>
    </p>
   </div>
   <div class='ocr_carea' id='block_1_5' title="bbox 180 1731 1455 1838">
    <p class='ocr_par' dir='ltr' id='par_1_9' title="bbox 180 1731 1455 1838">
     <span class='ocr_line' id='line_1_29' title="bbox 249 1731 1454 1766; baseline -0.002 -7"><span class='ocrx_word' id='word_1_255' title='bbox 249 1736 264 1758; x_wconf 76' lang='lat'><strong>2</strong></span> <span class='ocrx_word' id='word_1_256' title='bbox 285 1733 313 1758; x_wconf 91' lang='lat' dir='ltr'><em>in</em></span> <span class='ocrx_word' id='word_1_257' title='bbox 332 1732 448 1766; x_wconf 76' lang='lat' dir='ltr'><em>Catone]</em></span> <span class='ocrx_word' id='word_1_258' title='bbox 471 1733 538 1766; x_wconf 84' lang='lat' dir='ltr'><em>orig.</em></span> <span class='ocrx_word' id='word_1_259' title='bbox 559 1733 610 1759; x_wconf 89' lang='lat' dir='ltr'><em>VII</em></span> <span class='ocrx_word' id='word_1_260' title='bbox 630 1736 645 1759; x_wconf 79' lang='lat'>9</span> <span class='ocrx_word' id='word_1_261' title='bbox 666 1733 736 1759; x_wconf 80' lang='lat' dir='ltr'><em>Iord.</em></span> <span class='ocrx_word' id='word_1_262' title='bbox 758 1736 808 1759; x_wconf 72' lang='lat'><em>114</em></span> <span class='ocrx_word' id='word_1_263' title='bbox 828 1733 885 1759; x_wconf 88' lang='lat' dir='ltr'><em>Pet.</em></span> <span class='ocrx_word' id='word_1_264' title='bbox 901 1734 910 1766; x_wconf 78' lang='grc' dir='ltr'><em>ΙΙ</em></span> <span class='ocrx_word' id='word_1_265' title='bbox 926 1736 957 1758; x_wconf 85' lang='grc'><em>13</em></span> <span class='ocrx_word' id='word_1_266' title='bbox 978 1732 1134 1766; x_wconf 80' lang='lat' dir='ltr'><em>damnabis]</em></span> <span class='ocrx_word' id='word_1_267' title='bbox 1155 1733 1216 1758; x_wconf 86' lang='lat' dir='ltr'><em>buc.</em></span> <span class='ocrx_word' id='word_1_268' title='bbox 1237 1732 1260 1758; x_wconf 83' lang='lat' dir='ltr'><strong>V</strong></span> <span class='ocrx_word' id='word_1_269' title='bbox 1281 1735 1313 1757; x_wconf 72' lang='grc'><em>80</em></span> <span class='ocrx_word' id='word_1_270' title='bbox 1328 1733 1337 1765; x_wconf 84' lang='grc' dir='ltr'><em>ΙΙ</em></span> <span class='ocrx_word' id='word_1_271' title='bbox 1354 1734 1383 1757; x_wconf 83' lang='grc'><em>17</em></span> <span class='ocrx_word' id='word_1_272' title='bbox 1406 1731 1454 1757; x_wconf 77' lang='lat' dir='ltr'><em>Iris</em></span> 
     </span>
     <span class='ocr_line' id='line_1_30' title="bbox 201 1767 1455 1803; baseline -0.002 -9"><span class='ocrx_word' id='word_1_273' title='bbox 201 1789 206 1793; x_wconf 93' lang='lat'>.</span> <span class='ocrx_word' id='word_1_274' title='bbox 224 1789 229 1794; x_wconf 88' lang='lat'>.</span> <span class='ocrx_word' id='word_1_275' title='bbox 250 1769 369 1803; x_wconf 87' lang='lat' dir='ltr'><em>colores]</em></span> <span class='ocrx_word' id='word_1_276' title='bbox 391 1777 474 1795; x_wconf 73' lang='lat' dir='ltr'><em>exscr.</em></span> <span class='ocrx_word' id='word_1_277' title='bbox 496 1769 558 1795; x_wconf 80' lang='lat' dir='ltr'><em>lsid.</em></span> <span class='ocrx_word' id='word_1_278' title='bbox 580 1778 617 1795; x_wconf 83' lang='lat' dir='ltr'><em>or.</em></span> <span class='ocrx_word' id='word_1_279' title='bbox 638 1769 700 1794; x_wconf 84' lang='lat' dir='ltr'>XIII</span> <span class='ocrx_word' id='word_1_280' title='bbox 722 1772 762 1801; x_wconf 82' lang='lat'><em>10,</em></span> <span class='ocrx_word' id='word_1_281' title='bbox 785 1773 795 1794; x_wconf 90' lang='lat'>1</span> <span class='ocrx_word' id='word_1_282' title='bbox 818 1769 847 1794; x_wconf 87' lang='lat' dir='ltr'><em>et</em></span> <span class='ocrx_word' id='word_1_283' title='bbox 865 1769 1004 1802; x_wconf 69' lang='lat' dir='ltr'><em>mythogr.</em></span> <span class='ocrx_word' id='word_1_284' title='bbox 1022 1769 1045 1795; x_wconf 89' lang='lat' dir='ltr'><em>ll</em></span> <span class='ocrx_word' id='word_1_285' title='bbox 1062 1772 1084 1795; x_wconf 83' lang='grc'><em>6.</em></span> <span class='ocrx_word' id='word_1_286' title='bbox 1106 1769 1138 1795; x_wconf 81' lang='lat' dir='ltr'><em>cf.</em></span> <span class='ocrx_word' id='word_1_287' title='bbox 1161 1768 1298 1802; x_wconf 83' lang='lat' dir='ltr'><em>mythogr.</em></span> <span class='ocrx_word' id='word_1_288' title='bbox 1318 1767 1355 1793; x_wconf 84' lang='lat' dir='ltr'><em>III</em></span> <span class='ocrx_word' id='word_1_289' title='bbox 1376 1770 1400 1800; x_wconf 80' lang='lat'><em>4,</em></span> <span class='ocrx_word' id='word_1_290' title='bbox 1416 1768 1455 1801; x_wconf 67' lang='lat'><em>*211</em></span> 
     </span>
     <span class='ocr_line' id='line_1_31' title="bbox 180 1804 1011 1838; baseline -0.001 -8"><span class='ocrx_word' id='word_1_291' title='bbox 180 1807 212 1830; x_wconf 78' lang='lat'><em>25</em></span> <span class='ocrx_word' id='word_1_292' title='bbox 233 1805 382 1830; x_wconf 83' lang='lat' dir='ltr'><em>secundum</em></span> <span class='ocrx_word' id='word_1_293' title='bbox 402 1813 448 1830; x_wconf 81' lang='lat' dir='ltr'><em>eos</em></span> <span class='ocrx_word' id='word_1_294' title='bbox 469 1813 490 1830; x_wconf 90' lang='lat' dir='ltr'><em>e.</em></span> <span class='ocrx_word' id='word_1_295' title='bbox 512 1814 537 1838; x_wconf 88' lang='lat' dir='ltr'><em>q.</em></span> <span class='ocrx_word' id='word_1_296' title='bbox 557 1805 589 1838; x_wconf 70' lang='lat' dir='ltr'><em>s.}</em></span> <span class='ocrx_word' id='word_1_297' title='bbox 610 1813 695 1831; x_wconf 79' lang='lat' dir='ltr'><em>exscr.</em></span> <span class='ocrx_word' id='word_1_298' title='bbox 716 1805 854 1838; x_wconf 76' lang='lat' dir='ltr'><em>mythogr.</em></span> <span class='ocrx_word' id='word_1_299' title='bbox 875 1804 912 1830; x_wconf 88' lang='lat' dir='ltr'><em>Ill</em></span> <span class='ocrx_word' id='word_1_300' title='bbox 933 1808 957 1837; x_wconf 72' lang='grc'><em>9,</em></span> <span class='ocrx_word' id='word_1_301' title='bbox 981 1807 1011 1830; x_wconf 82' lang='lat'><em>12</em></span> 
     </span>
    </p>
   </div>
   <div class='ocr_carea' id='block_1_6' title="bbox 179 1910 1458 2407">
    <p class='ocr_par' dir='ltr' id='par_1_10' title="bbox 179 1910 1458 2407">
     <span class='ocr_line' id='line_1_32' title="bbox 253 1910 1453 1945; baseline -0.001 -8"><span class='ocrx_word' id='word_1_302' title='bbox 253 1914 265 1937; x_wconf 92' lang='lat'>1</span> <span class='ocrx_word' id='word_1_303' title='bbox 287 1911 326 1945; x_wconf 90' lang='lat' dir='ltr'><em>et]</em></span> <span class='ocrx_word' id='word_1_304' title='bbox 347 1911 394 1938; x_wconf 81' lang='lat' dir='ltr'><em>sed</em></span> <span class='ocrx_word' id='word_1_305' title='bbox 415 1911 492 1945; x_wconf 75' lang='lat' dir='ltr'><em>Fon</em></span> <span class='ocrx_word' id='word_1_306' title='bbox 512 1911 622 1945; x_wconf 86' lang='lat' dir='ltr'><em>nigrum</em></span> <span class='ocrx_word' id='word_1_307' title='bbox 642 1911 714 1937; x_wconf 85' lang='lat' dir='ltr'><em>flauo</em></span> <span class='ocrx_word' id='word_1_308' title='bbox 735 1912 878 1937; x_wconf 74' lang='lat' dir='ltr'><em>Iuvenalis</em></span> <span class='ocrx_word' id='word_1_309' title='bbox 892 1912 901 1944; x_wconf 87' lang='grc' dir='ltr'><em>ΙΙ</em></span> <span class='ocrx_word' id='word_1_310' title='bbox 920 1914 934 1937; x_wconf 79' lang='grc'>2</span> <span class='ocrx_word' id='word_1_311' title='bbox 955 1911 1028 1937; x_wconf 82' lang='lat' dir='ltr'><em>hunc</em></span> <span class='ocrx_word' id='word_1_312' title='bbox 1047 1911 1099 1945; x_wconf 88' lang='grc' dir='ltr'><em>ΗΙΙ</em></span> <span class='ocrx_word' id='word_1_313' title='bbox 1114 1911 1196 1937; x_wconf 82' lang='lat' dir='ltr'><em>datur</em></span> <span class='ocrx_word' id='word_1_314' title='bbox 1214 1910 1291 1944; x_wconf 74' lang='lat' dir='ltr'><em>Fon</em></span> <span class='ocrx_word' id='word_1_315' title='bbox 1306 1910 1386 1944; x_wconf 81' lang='lat' dir='ltr'>quasi</span> <span class='ocrx_word' id='word_1_316' title='bbox 1404 1918 1453 1936; x_wconf 87' lang='lat' dir='ltr'><em>om.</em></span> 
     </span>
     <span class='ocr_line' id='line_1_33' title="bbox 181 1945 1455 1981; baseline 0 -9"><span class='ocrx_word' id='word_1_317' title='bbox 181 1946 203 1973; x_wconf 81' lang='lat' dir='ltr'><strong><em>C</em></strong></span> <span class='ocrx_word' id='word_1_318' title='bbox 214 1948 223 1981; x_wconf 82' lang='lat' dir='ltr'>ss</span> <span class='ocrx_word' id='word_1_319' title='bbox 241 1947 317 1980; x_wconf 88' lang='lat' dir='ltr'><em>turpi</em></span> <span class='ocrx_word' id='word_1_320' title='bbox 336 1956 368 1972; x_wconf 65' lang='lat' dir='ltr'><em>ea·</em></span> <span class='ocrx_word' id='word_1_321' title='bbox 387 1948 467 1981; x_wconf 86' lang='lat' dir='ltr'><em>turpe</em></span> <span class='ocrx_word' id='word_1_322' title='bbox 486 1947 511 1972; x_wconf 90' lang='lat' dir='ltr'><em>L</em></span> <span class='ocrx_word' id='word_1_323' title='bbox 529 1948 538 1980; x_wconf 74' lang='grc' dir='ltr'><em>ΙΙ</em></span> <span class='ocrx_word' id='word_1_324' title='bbox 561 1948 597 1973; x_wconf 83' lang='lat' dir='ltr'><em>ad</em></span> <span class='ocrx_word' id='word_1_325' title='bbox 615 1956 639 1974; x_wconf 87' lang='lat' dir='ltr'><em>v.</em></span> <span class='ocrx_word' id='word_1_326' title='bbox 660 1950 711 1973; x_wconf 78' lang='lat'><em>698</em></span> <span class='ocrx_word' id='word_1_327' title='bbox 731 1948 761 1973; x_wconf 74' lang='lat' dir='ltr'><em>in</em></span> <span class='ocrx_word' id='word_1_328' title='bbox 780 1956 864 1980; x_wconf 71' lang='lat' dir='ltr'><em>mary.</em></span> <span class='ocrx_word' id='word_1_329' title='bbox 884 1947 950 1973; x_wconf 81' lang='lat' dir='ltr'><em>huie</em></span> <span class='ocrx_word' id='word_1_330' title='bbox 969 1947 1048 1980; x_wconf 74' lang='lat' dir='ltr'><em>quasi</em></span> <span class='ocrx_word' id='word_1_331' title='bbox 1066 1947 1142 1980; x_wconf 87' lang='lat' dir='ltr'><em>turpi</em></span> <span class='ocrx_word' id='word_1_332' title='bbox 1163 1947 1211 1973; x_wconf 86' lang='lat' dir='ltr'><em>dat</em></span> <span class='ocrx_word' id='word_1_333' title='bbox 1230 1947 1333 1972; x_wconf 85' lang='lat' dir='ltr'><em>crinem</em></span> <span class='ocrx_word' id='word_1_334' title='bbox 1353 1945 1455 1972; x_wconf 82' lang='lat' dir='ltr'><em>flauum</em></span> 
     </span>
     <span class='ocr_line' id='line_1_34' title="bbox 182 1982 1457 2016; baseline -0.001 -8"><span class='ocrx_word' id='word_1_335' title='bbox 182 1983 227 2008; x_wconf 86' lang='lat' dir='ltr'><em>uel</em></span> <span class='ocrx_word' id='word_1_336' title='bbox 247 1982 312 2015; x_wconf 86' lang='lat' dir='ltr'><em>quia</em></span> <span class='ocrx_word' id='word_1_337' title='bbox 331 1983 360 2008; x_wconf 89' lang='lat' dir='ltr'><em>in</em></span> <span class='ocrx_word' id='word_1_338' title='bbox 379 1984 477 2009; x_wconf 83' lang='lat' dir='ltr'><em>catone</em></span> <span class='ocrx_word' id='word_1_339' title='bbox 497 1982 601 2016; x_wconf 85' lang='lat' dir='ltr'><em>legitur</em></span> <span class='ocrx_word' id='word_1_340' title='bbox 621 2004 626 2009; x_wconf 94' lang='lat'>.</span> <span class='ocrx_word' id='word_1_341' title='bbox 643 2004 647 2008; x_wconf 91' lang='lat'>.</span> <span class='ocrx_word' id='word_1_342' title='bbox 665 2004 670 2008; x_wconf 92' lang='lat'>.</span> <span class='ocrx_word' id='word_1_343' title='bbox 692 1983 783 2008; x_wconf 80' lang='lat' dir='ltr'><em>essent</em></span> <span class='ocrx_word' id='word_1_344' title='bbox 805 1982 829 2008; x_wconf 99' lang='lat' dir='ltr'><em>T</em></span> <span class='ocrx_word' id='word_1_345' title='bbox 839 1985 848 2016; x_wconf 85' lang='grc' dir='ltr'><em>ΙΙ</em></span> <span class='ocrx_word' id='word_1_346' title='bbox 862 1982 938 2016; x_wconf 84' lang='lat' dir='ltr'><em>turpi</em></span> <span class='ocrx_word' id='word_1_347' title='bbox 957 1982 1060 2009; x_wconf 81' lang='lat' dir='ltr'><em>flauum</em></span> <span class='ocrx_word' id='word_1_348' title='bbox 1080 1983 1125 2008; x_wconf 75' lang='lat' dir='ltr'><em>uel</em></span> <span class='ocrx_word' id='word_1_349' title='bbox 1145 1982 1211 2016; x_wconf 86' lang='lat' dir='ltr'><em>quia</em></span> <span class='ocrx_word' id='word_1_350' title='bbox 1229 1982 1259 2008; x_wconf 99' lang='lat' dir='ltr'><em>F</em></span> <span class='ocrx_word' id='word_1_351' title='bbox 1289 1982 1371 2015; x_wconf 87' lang='lat' dir='ltr'><em>turpi.</em></span> <span class='ocrx_word' id='word_1_352' title='bbox 1400 1982 1457 2007; x_wconf 83' lang='lat' dir='ltr'><em>Aut</em></span> 
     </span>
     <span class='ocr_line' id='line_1_35' title="bbox 181 2017 1456 2052; baseline -0.001 -9"><span class='ocrx_word' id='word_1_353' title='bbox 181 2027 286 2044; x_wconf 67' lang='lat' dir='ltr'><em>rmvvu</em></span> <span class='ocrx_word' id='word_1_354' title='bbox 306 2018 372 2051; x_wconf 83' lang='lat' dir='ltr'><em>quia.</em></span> <span class='ocrx_word' id='word_1_355' title='bbox 391 2018 493 2044; x_wconf 79' lang='lat' dir='ltr'><em>Daniel</em></span> <span class='ocrx_word' id='word_1_356' title='bbox 507 2019 516 2052; x_wconf 87' lang='grc' dir='ltr'><em>ΙΙ</em></span> <span class='ocrx_word' id='word_1_357' title='bbox 530 2021 545 2044; x_wconf 86' lang='grc'><strong>3</strong></span> <span class='ocrx_word' id='word_1_358' title='bbox 565 2018 642 2044; x_wconf 85' lang='lat' dir='ltr'><em>rutili</em></span> <span class='ocrx_word' id='word_1_359' title='bbox 661 2019 773 2052; x_wconf 78' lang='lat' dir='ltr'><em>scripsi:</em></span> <span class='ocrx_word' id='word_1_360' title='bbox 793 2018 879 2044; x_wconf 85' lang='lat' dir='ltr'><em>rutuli</em></span> <span class='ocrx_word' id='word_1_361' title='bbox 901 2018 925 2043; x_wconf 91' lang='lat' dir='ltr'><em>T</em></span> <span class='ocrx_word' id='word_1_362' title='bbox 953 2018 1052 2044; x_wconf 86' lang='lat' dir='ltr'><em>rutilae</em></span> <span class='ocrx_word' id='word_1_363' title='bbox 1073 2018 1102 2044; x_wconf 89' lang='lat' dir='ltr'><em>F</em></span> <span class='ocrx_word' id='word_1_364' title='bbox 1114 2019 1123 2052; x_wconf 75' lang='lat' dir='ltr'>ss</span> <span class='ocrx_word' id='word_1_365' title='bbox 1142 2021 1156 2044; x_wconf 91' lang='lat'>5</span> <span class='ocrx_word' id='word_1_366' title='bbox 1176 2018 1299 2044; x_wconf 87' lang='lat' dir='ltr'><em>nondum</em></span> <span class='ocrx_word' id='word_1_367' title='bbox 1320 2017 1348 2043; x_wconf 88' lang='lat' dir='ltr'><em>F</em></span> <span class='ocrx_word' id='word_1_368' title='bbox 1360 2018 1369 2051; x_wconf 75' lang='lat' dir='ltr'>n</span> <span class='ocrx_word' id='word_1_369' title='bbox 1384 2020 1399 2043; x_wconf 86' lang='grc'><strong>6</strong></span> <span class='ocrx_word' id='word_1_370' title='bbox 1420 2017 1456 2043; x_wconf 76' lang='grc' dir='ltr'><em>αιῑ</em></span> 
     </span>
     <span class='ocr_line' id='line_1_36' title="bbox 181 2053 1455 2087; baseline 0.001 -9"><span class='ocrx_word' id='word_1_371' title='bbox 181 2063 202 2080; x_wconf 76' lang='lat' dir='ltr'><em>o.</em></span> <span class='ocrx_word' id='word_1_372' title='bbox 223 2057 273 2079; x_wconf 73' lang='grc'><em>699</em></span> <span class='ocrx_word' id='word_1_373' title='bbox 295 2054 324 2079; x_wconf 77' lang='lat' dir='ltr'><em>in</em></span> <span class='ocrx_word' id='word_1_374' title='bbox 343 2062 420 2087; x_wconf 64' lang='lat' dir='ltr'><em>marg]</em></span> <span class='ocrx_word' id='word_1_375' title='bbox 447 2054 542 2087; x_wconf 74' lang='lat' dir='ltr'><em>potest</em></span> <span class='ocrx_word' id='word_1_376' title='bbox 561 2054 651 2087; x_wconf 80' lang='lat' dir='ltr'><em>accipi</em></span> <span class='ocrx_word' id='word_1_377' title='bbox 675 2054 749 2080; x_wconf 82' lang='lat' dir='ltr'><em>istud</em></span> <span class='ocrx_word' id='word_1_378' title='bbox 773 2053 825 2086; x_wconf 81' lang='lat' dir='ltr'><em>ita,</em></span> <span class='ocrx_word' id='word_1_379' title='bbox 850 2056 882 2080; x_wconf 82' lang='lat' dir='ltr'><em>ut</em></span> <span class='ocrx_word' id='word_1_380' title='bbox 901 2054 1031 2080; x_wconf 89' lang='lat' dir='ltr'><em>didonem</em></span> <span class='ocrx_word' id='word_1_381' title='bbox 1051 2056 1138 2080; x_wconf 84' lang='lat' dir='ltr'><em>morte</em></span> <span class='ocrx_word' id='word_1_382' title='bbox 1158 2055 1224 2079; x_wconf 89' lang='lat' dir='ltr'><em>uoto</em></span> <span class='ocrx_word' id='word_1_383' title='bbox 1243 2053 1377 2079; x_wconf 84' lang='lat' dir='ltr'><em>liberaret</em></span> <span class='ocrx_word' id='word_1_384' title='bbox 1396 2074 1401 2079; x_wconf 90' lang='lat'><strong>.</strong></span> <span class='ocrx_word' id='word_1_385' title='bbox 1422 2074 1427 2078; x_wconf 95' lang='lat'>.</span> <span class='ocrx_word' id='word_1_386' title='bbox 1450 2074 1455 2079; x_wconf 86' lang='lat'>.</span> 
     </span>
     <span class='ocr_line' id='line_1_37' title="bbox 180 2088 1458 2123; baseline -0.001 -9"><span class='ocrx_word' id='word_1_387' title='bbox 180 2089 265 2114; x_wconf 81' lang='lat' dir='ltr'><em>fuerit</em></span> <span class='ocrx_word' id='word_1_388' title='bbox 280 2090 339 2121; x_wconf 81' lang='lat' dir='ltr'><em>(sic)</em></span> <span class='ocrx_word' id='word_1_389' title='bbox 359 2089 524 2115; x_wconf 82' lang='lat' dir='ltr'><em>auferendus</em></span> <span class='ocrx_word' id='word_1_390' title='bbox 542 2089 566 2114; x_wconf 85' lang='lat' dir='ltr'><em>T</em></span> <span class='ocrx_word' id='word_1_391' title='bbox 578 2090 587 2123; x_wconf 88' lang='grc' dir='ltr'><em>ΙΙ</em></span> <span class='ocrx_word' id='word_1_392' title='bbox 601 2089 739 2123; x_wconf 81' lang='lat' dir='ltr'><em>stigioque</em></span> <span class='ocrx_word' id='word_1_393' title='bbox 759 2090 848 2123; x_wconf 84' lang='lat' dir='ltr'><em>capud</em></span> <span class='ocrx_word' id='word_1_394' title='bbox 864 2089 893 2115; x_wconf 86' lang='lat' dir='ltr'><em>F</em></span> <span class='ocrx_word' id='word_1_395' title='bbox 905 2090 914 2123; x_wconf 73' lang='grc' dir='ltr'><em>ΙΙ</em></span> <span class='ocrx_word' id='word_1_396' title='bbox 929 2093 944 2115; x_wconf 83' lang='grc'>8</span> <span class='ocrx_word' id='word_1_397' title='bbox 964 2089 1049 2115; x_wconf 82' lang='lat' dir='ltr'><em>libere</em></span> <span class='ocrx_word' id='word_1_398' title='bbox 1066 2089 1094 2115; x_wconf 88' lang='lat' dir='ltr'><em>F</em></span> <span class='ocrx_word' id='word_1_399' title='bbox 1107 2090 1116 2123; x_wconf 73' lang='grc' dir='ltr'><em>ΙΙ</em></span> <span class='ocrx_word' id='word_1_400' title='bbox 1131 2092 1145 2115; x_wconf 86' lang='grc'><strong>9</strong></span> <span class='ocrx_word' id='word_1_401' title='bbox 1161 2090 1195 2116; x_wconf 86' lang='lat' dir='ltr'><em>ab</em></span> <span class='ocrx_word' id='word_1_402' title='bbox 1212 2089 1295 2123; x_wconf 87' lang='lat' dir='ltr'><em>Orco]</em></span> <span class='ocrx_word' id='word_1_403' title='bbox 1316 2088 1413 2115; x_wconf 81' lang='lat' dir='ltr'><em>aliorci</em></span> <span class='ocrx_word' id='word_1_404' title='bbox 1429 2088 1458 2113; x_wconf 88' lang='lat' dir='ltr'><em>F</em></span> 
     </span>
     <span class='ocr_line' id='line_1_38' title="bbox 179 2123 1436 2159; baseline -0.001 -9"><span class='ocrx_word' id='word_1_405' title='bbox 179 2126 241 2157; x_wconf 77' lang='lat' dir='ltr'><em>fort.</em></span> <span class='ocrx_word' id='word_1_406' title='bbox 258 2124 302 2150; x_wconf 92' lang='lat' dir='ltr'><em>vel</em></span> <span class='ocrx_word' id='word_1_407' title='bbox 321 2124 403 2150; x_wconf 82' lang='lat' dir='ltr'><em>illud:</em></span> <span class='ocrx_word' id='word_1_408' title='bbox 425 2126 508 2158; x_wconf 87' lang='lat' dir='ltr'><em>caput</em></span> <span class='ocrx_word' id='word_1_409' title='bbox 527 2125 592 2151; x_wconf 85' lang='lat' dir='ltr'><em>voto</em></span> <span class='ocrx_word' id='word_1_410' title='bbox 606 2124 729 2150; x_wconf 86' lang='lat' dir='ltr'><em>nondum</em></span> <span class='ocrx_word' id='word_1_411' title='bbox 746 2133 765 2151; x_wconf 87' lang='lat' dir='ltr'><em>e.</em></span> <span class='ocrx_word' id='word_1_412' title='bbox 782 2134 805 2158; x_wconf 74' lang='lat' dir='ltr'><em>q.</em></span> <span class='ocrx_word' id='word_1_413' title='bbox 821 2133 833 2151; x_wconf 88' lang='lat' dir='ltr'><em>s</em></span> <span class='ocrx_word' id='word_1_414' title='bbox 856 2125 865 2158; x_wconf 78' lang='grc' dir='ltr'><em>ΙΙ</em></span> <span class='ocrx_word' id='word_1_415' title='bbox 882 2129 910 2151; x_wconf 88' lang='grc'><em>11</em></span> <span class='ocrx_word' id='word_1_416' title='bbox 928 2125 1026 2151; x_wconf 79' lang='lat' dir='ltr'><em>aficere</em></span> <span class='ocrx_word' id='word_1_417' title='bbox 1043 2124 1073 2150; x_wconf 89' lang='lat' dir='ltr'><em>F</em></span> <span class='ocrx_word' id='word_1_418' title='bbox 1084 2126 1092 2158; x_wconf 76' lang='lat' dir='ltr'>n</span> <span class='ocrx_word' id='word_1_419' title='bbox 1109 2128 1140 2151; x_wconf 87' lang='lat'><em>13</em></span> <span class='ocrx_word' id='word_1_420' title='bbox 1157 2125 1390 2159; x_wconf 85' lang='lat' dir='ltr'><em>condempnemur</em></span> <span class='ocrx_word' id='word_1_421' title='bbox 1407 2123 1436 2149; x_wconf 92' lang='lat' dir='ltr'><em>F</em></span> 
     </span>
     <span class='ocr_line' id='line_1_39' title="bbox 183 2159 1455 2195; baseline 0 -10"><span class='ocrx_word' id='word_1_422' title='bbox 183 2163 214 2186; x_wconf 78' lang='grc'><em>14</em></span> <span class='ocrx_word' id='word_1_423' title='bbox 235 2160 325 2193; x_wconf 85' lang='lat' dir='ltr'><em>capud</em></span> <span class='ocrx_word' id='word_1_424' title='bbox 346 2160 374 2185; x_wconf 88' lang='lat' dir='ltr'><em>F</em></span> <span class='ocrx_word' id='word_1_425' title='bbox 386 2161 395 2193; x_wconf 75' lang='lat' dir='ltr'>ss</span> <span class='ocrx_word' id='word_1_426' title='bbox 417 2162 447 2185; x_wconf 85' lang='lat'><em>15</em></span> <span class='ocrx_word' id='word_1_427' title='bbox 468 2160 614 2186; x_wconf 83' lang='lat' dir='ltr'><em>aferendus</em></span> <span class='ocrx_word' id='word_1_428' title='bbox 635 2160 685 2193; x_wconf 74' lang='grc' dir='ltr'><em>ΓΗ</em></span> <span class='ocrx_word' id='word_1_429' title='bbox 705 2164 737 2186; x_wconf 84' lang='grc'><em>16</em></span> <span class='ocrx_word' id='word_1_430' title='bbox 757 2169 819 2186; x_wconf 88' lang='lat' dir='ltr'><em>cum</em></span> <span class='ocrx_word' id='word_1_431' title='bbox 839 2161 958 2186; x_wconf 85' lang='lat' dir='ltr'><em>nubibus</em></span> <span class='ocrx_word' id='word_1_432' title='bbox 978 2160 1031 2195; x_wconf 82' lang='lat' dir='ltr'><em>est]</em></span> <span class='ocrx_word' id='word_1_433' title='bbox 1053 2169 1114 2186; x_wconf 88' lang='lat' dir='ltr'><em>cum</em></span> <span class='ocrx_word' id='word_1_434' title='bbox 1134 2160 1274 2186; x_wconf 77' lang='lat' dir='ltr'><em>nubilibus</em></span> <span class='ocrx_word' id='word_1_435' title='bbox 1295 2161 1330 2186; x_wconf 81' lang='lat' dir='ltr'><em>sit</em></span> <span class='ocrx_word' id='word_1_436' title='bbox 1348 2159 1455 2193; x_wconf 81' lang='lat' dir='ltr'><em>pluvia-</em></span> 
     </span>
     <span class='ocr_line' id='line_1_40' title="bbox 182 2194 1456 2230; baseline -0.001 -9"><span class='ocrx_word' id='word_1_437' title='bbox 182 2195 255 2222; x_wconf 76' lang='lat' dir='ltr'><em>libus</em></span> <span class='ocrx_word' id='word_1_438' title='bbox 275 2195 378 2222; x_wconf 78' lang='lat' dir='ltr'><em>Daniel</em></span> <span class='ocrx_word' id='word_1_439' title='bbox 408 2204 470 2221; x_wconf 87' lang='lat' dir='ltr'><em>cum</em></span> <span class='ocrx_word' id='word_1_440' title='bbox 488 2195 608 2222; x_wconf 80' lang='lat' dir='ltr'><em>nubibus</em></span> <span class='ocrx_word' id='word_1_441' title='bbox 627 2195 658 2222; x_wconf 86' lang='lat' dir='ltr'><em>fit</em></span> <span class='ocrx_word' id='word_1_442' title='bbox 677 2196 846 2229; x_wconf 80' lang='lat' dir='ltr'><em>pluvialibus</em></span> <span class='ocrx_word' id='word_1_443' title='bbox 867 2195 1045 2222; x_wconf 63' lang='lat' dir='ltr'><em>Commeliozas</em></span> <span class='ocrx_word' id='word_1_444' title='bbox 1059 2197 1068 2230; x_wconf 86' lang='grc' dir='ltr'><em>ΙΙ</em></span> <span class='ocrx_word' id='word_1_445' title='bbox 1082 2204 1153 2230; x_wconf 82' lang='lat' dir='ltr'><em>quae</em></span> <span class='ocrx_word' id='word_1_446' title='bbox 1172 2196 1245 2230; x_wconf 83' lang='lat' dir='ltr'><em>rore]</em></span> <span class='ocrx_word' id='word_1_447' title='bbox 1267 2203 1381 2229; x_wconf 84' lang='lat' dir='ltr'><em>querere</em></span> <span class='ocrx_word' id='word_1_448' title='bbox 1401 2194 1431 2220; x_wconf 86' lang='lat' dir='ltr'><em>F</em></span> <span class='ocrx_word' id='word_1_449' title='bbox 1448 2196 1456 2228; x_wconf 52' lang='lat' dir='ltr'><em>l]</em></span> 
     </span>
     <span class='ocr_line' id='line_1_41' title="bbox 184 2230 1457 2266; baseline 0 -10"><span class='ocrx_word' id='word_1_450' title='bbox 184 2233 216 2257; x_wconf 80' lang='lat'><em>18</em></span> <span class='ocrx_word' id='word_1_451' title='bbox 235 2231 279 2266; x_wconf 88' lang='lat' dir='ltr'><em>fit]</em></span> <span class='ocrx_word' id='word_1_452' title='bbox 304 2230 359 2257; x_wconf 88' lang='lat' dir='ltr'><em>fuit</em></span> <span class='ocrx_word' id='word_1_453' title='bbox 378 2231 407 2256; x_wconf 90' lang='lat' dir='ltr'><em>F</em></span> <span class='ocrx_word' id='word_1_454' title='bbox 427 2232 436 2264; x_wconf 89' lang='grc' dir='ltr'><em>ΙΙ</em></span> <span class='ocrx_word' id='word_1_455' title='bbox 467 2234 498 2257; x_wconf 86' lang='grc'><em>19</em></span> <span class='ocrx_word' id='word_1_456' title='bbox 519 2231 644 2265; x_wconf 85' lang='lat' dir='ltr'><em>caligans</em></span> <span class='ocrx_word' id='word_1_457' title='bbox 663 2231 687 2256; x_wconf 89' lang='lat' dir='ltr'><em>L</em></span> <span class='ocrx_word' id='word_1_458' title='bbox 708 2231 871 2265; x_wconf 80' lang='lat' dir='ltr'><em>(caligantes</em></span> <span class='ocrx_word' id='word_1_459' title='bbox 892 2232 910 2263; x_wconf 82' lang='lat' dir='ltr'><em>l)</em></span> <span class='ocrx_word' id='word_1_460' title='bbox 934 2233 943 2265; x_wconf 74' lang='grc' dir='ltr'><em>ΙΙ</em></span> <span class='ocrx_word' id='word_1_461' title='bbox 970 2231 1111 2258; x_wconf 77' lang='lat' dir='ltr'><em>inradiant</em></span> <span class='ocrx_word' id='word_1_462' title='bbox 1129 2231 1184 2258; x_wconf 84' lang='lat' dir='ltr'><em>ista</em></span> <span class='ocrx_word' id='word_1_463' title='bbox 1203 2232 1231 2258; x_wconf 86' lang='lat' dir='ltr'><em>et</em></span> <span class='ocrx_word' id='word_1_464' title='bbox 1250 2231 1342 2257; x_wconf 73' lang='lat' dir='ltr'><em>uarios</em></span> <span class='ocrx_word' id='word_1_465' title='bbox 1361 2232 1457 2256; x_wconf 84' lang='lat' dir='ltr'><em>creant</em></span> 
     </span>
     <span class='ocr_line' id='line_1_42' title="bbox 182 2266 1455 2298; baseline -0.001 -6"><span class='ocrx_word' id='word_1_466' title='bbox 182 2267 286 2293; x_wconf 84' lang='lat' dir='ltr'><em>colores</em></span> <span class='ocrx_word' id='word_1_467' title='bbox 306 2266 336 2292; x_wconf 83' lang='lat' dir='ltr'><em>F</em></span> <span class='ocrx_word' id='word_1_468' title='bbox 366 2267 486 2293; x_wconf 81' lang='lat' dir='ltr'><em>inrideat</em></span> <span class='ocrx_word' id='word_1_469' title='bbox 505 2268 534 2292; x_wconf 86' lang='lat' dir='ltr'><em>et</em></span> <span class='ocrx_word' id='word_1_470' title='bbox 552 2267 643 2292; x_wconf 83' lang='lat' dir='ltr'><em>uarios</em></span> <span class='ocrx_word' id='word_1_471' title='bbox 662 2275 685 2292; x_wconf 91' lang='lat' dir='ltr'><em>c.</em></span> <span class='ocrx_word' id='word_1_472' title='bbox 706 2275 728 2292; x_wconf 87' lang='lat' dir='ltr'><em>c.</em></span> <span class='ocrx_word' id='word_1_473' title='bbox 749 2266 784 2291; x_wconf 78' lang='lat' dir='ltr'><em>G.</em></span> <span class='ocrx_word' id='word_1_474' title='bbox 802 2267 941 2293; x_wconf 80' lang='lat' dir='ltr'><em>inradiata</em></span> <span class='ocrx_word' id='word_1_475' title='bbox 959 2266 1014 2293; x_wconf 80' lang='lat' dir='ltr'><em>ista</em></span> <span class='ocrx_word' id='word_1_476' title='bbox 1032 2276 1057 2294; x_wconf 88' lang='lat' dir='ltr'><em>v.</em></span> <span class='ocrx_word' id='word_1_477' title='bbox 1078 2276 1100 2293; x_wconf 90' lang='lat' dir='ltr'><em>c.</em></span> <span class='ocrx_word' id='word_1_478' title='bbox 1120 2276 1142 2293; x_wconf 89' lang='lat' dir='ltr'><em>c.</em></span> <span class='ocrx_word' id='word_1_479' title='bbox 1164 2267 1298 2293; x_wconf 74' lang='lat' dir='ltr'><em>Isidorus.</em></span> <span class='ocrx_word' id='word_1_480' title='bbox 1331 2266 1394 2298; x_wconf 75' lang='lat' dir='ltr'><em>fort.</em></span> <span class='ocrx_word' id='word_1_481' title='bbox 1414 2266 1455 2291; x_wconf 89' lang='lat' dir='ltr'><em>in-</em></span> 
     </span>
     <span class='ocr_line' id='line_1_43' title="bbox 182 2301 1456 2336; baseline -0.001 -8"><span class='ocrx_word' id='word_1_482' title='bbox 182 2302 316 2328; x_wconf 79' lang='lat' dir='ltr'><em>radiatae.</em></span> <span class='ocrx_word' id='word_1_483' title='bbox 337 2303 371 2334; x_wconf 86' lang='lat' dir='ltr'><em>cf.</em></span> <span class='ocrx_word' id='word_1_484' title='bbox 386 2302 577 2336; x_wconf 69' lang='lat' dir='ltr'><em>mythoqraphi</em></span> <span class='ocrx_word' id='word_1_485' title='bbox 589 2302 599 2335; x_wconf 82' lang='grc' dir='ltr'><em>ΙΙ</em></span> <span class='ocrx_word' id='word_1_486' title='bbox 622 2305 654 2328; x_wconf 77' lang='lat'><em>21</em></span> <span class='ocrx_word' id='word_1_487' title='bbox 675 2303 711 2328; x_wconf 82' lang='lat' dir='ltr'><em>ad</em></span> <span class='ocrx_word' id='word_1_488' title='bbox 726 2311 748 2327; x_wconf 71' lang='lat' dir='ltr'><em>r.</em></span> <span class='ocrx_word' id='word_1_489' title='bbox 765 2305 814 2328; x_wconf 82' lang='lat'><em>703</em></span> <span class='ocrx_word' id='word_1_490' title='bbox 834 2302 865 2329; x_wconf 81' lang='lat' dir='ltr'><em>in</em></span> <span class='ocrx_word' id='word_1_491' title='bbox 884 2311 968 2336; x_wconf 67' lang='lat' dir='ltr'><em>marg.</em></span> <span class='ocrx_word' id='word_1_492' title='bbox 989 2303 1127 2336; x_wconf 84' lang='lat' dir='ltr'><em>euripides</em></span> <span class='ocrx_word' id='word_1_493' title='bbox 1209 2303 1243 2328; x_wconf 82' lang='lat' dir='ltr'><em>ad</em></span> <span class='ocrx_word' id='word_1_494' title='bbox 1264 2302 1393 2328; x_wconf 85' lang='lat' dir='ltr'><em>didonem</em></span> <span class='ocrx_word' id='word_1_495' title='bbox 1411 2301 1435 2327; x_wconf 89' lang='lat' dir='ltr'><em>T</em></span> <span class='ocrx_word' id='word_1_496' title='bbox 1448 2303 1456 2335; x_wconf 58' lang='lat' dir='ltr'><em>Jl</em></span> 
     </span>
     <span class='ocr_line' id='line_1_44' title="bbox 183 2337 1456 2372; baseline 0.001 -10"><span class='ocrx_word' id='word_1_497' title='bbox 183 2337 297 2371; x_wconf 68' lang='lat' dir='ltr'><em>uripidis</em></span> <span class='ocrx_word' id='word_1_498' title='bbox 317 2337 346 2363; x_wconf 87' lang='lat' dir='ltr'><em>F</em></span> <span class='ocrx_word' id='word_1_499' title='bbox 357 2339 367 2371; x_wconf 73' lang='lat'><em>11</em></span> <span class='ocrx_word' id='word_1_500' title='bbox 381 2337 491 2364; x_wconf 73' lang='lat' dir='ltr'><em>aleistin</em></span> <span class='ocrx_word' id='word_1_501' title='bbox 514 2337 543 2363; x_wconf 86' lang='lat' dir='ltr'><em>F</em></span> <span class='ocrx_word' id='word_1_502' title='bbox 567 2337 684 2364; x_wconf 80' lang='lat' dir='ltr'><em>aleisten</em></span> <span class='ocrx_word' id='word_1_503' title='bbox 702 2337 726 2363; x_wconf 87' lang='lat' dir='ltr'><em>T</em></span> <span class='ocrx_word' id='word_1_504' title='bbox 738 2338 747 2371; x_wconf 88' lang='grc' dir='ltr'><em>ΙΙ</em></span> <span class='ocrx_word' id='word_1_505' title='bbox 761 2347 869 2364; x_wconf 80' lang='lat' dir='ltr'><em>sacrum</em></span> <span class='ocrx_word' id='word_1_506' title='bbox 887 2338 911 2364; x_wconf 91' lang='lat' dir='ltr'><em>T</em></span> <span class='ocrx_word' id='word_1_507' title='bbox 924 2339 932 2371; x_wconf 93' lang='grc' dir='ltr'><em>ΙΙ</em></span> <span class='ocrx_word' id='word_1_508' title='bbox 947 2341 979 2364; x_wconf 81' lang='lat'><em>22</em></span> <span class='ocrx_word' id='word_1_509' title='bbox 1000 2338 1068 2364; x_wconf 87' lang='lat' dir='ltr'><em>dicit</em></span> <span class='ocrx_word' id='word_1_510' title='bbox 1087 2347 1136 2364; x_wconf 84' lang='lat' dir='ltr'><em>om.</em></span> <span class='ocrx_word' id='word_1_511' title='bbox 1155 2339 1179 2364; x_wconf 86' lang='lat' dir='ltr'><em>T</em></span> <span class='ocrx_word' id='word_1_512' title='bbox 1191 2339 1200 2372; x_wconf 76' lang='lat' dir='ltr'>ss</span> <span class='ocrx_word' id='word_1_513' title='bbox 1215 2338 1287 2371; x_wconf 83' lang='lat' dir='ltr'><em>quod</em></span> <span class='ocrx_word' id='word_1_514' title='bbox 1307 2337 1352 2363; x_wconf 84' lang='lat' dir='ltr'><em>hie</em></span> <span class='ocrx_word' id='word_1_515' title='bbox 1372 2338 1456 2371; x_wconf 86' lang='lat' dir='ltr'><em>poeta</em></span> 
     </span>
     <span class='ocr_line' id='line_1_45' title="bbox 186 2372 1333 2407; baseline 0 -9"><span class='ocrx_word' id='word_1_516' title='bbox 186 2372 230 2407; x_wconf 75' lang='grc' dir='ltr'><em>ΤῙΙ</em></span> <span class='ocrx_word' id='word_1_517' title='bbox 249 2373 286 2399; x_wconf 72' lang='lat' dir='ltr'><em>aul</em></span> <span class='ocrx_word' id='word_1_518' title='bbox 305 2373 358 2399; x_wconf 86' lang='lat' dir='ltr'><em>isto</em></span> <span class='ocrx_word' id='word_1_519' title='bbox 379 2382 491 2407; x_wconf 82' lang='lat' dir='ltr'><em>corpore</em></span> <span class='ocrx_word' id='word_1_520' title='bbox 511 2382 586 2407; x_wconf 75' lang='lat' dir='ltr'><em>supr.</em></span> <span class='ocrx_word' id='word_1_521' title='bbox 607 2382 671 2399; x_wconf 76' lang='lat' dir='ltr'><em>rers.</em></span> <span class='ocrx_word' id='word_1_522' title='bbox 692 2373 719 2399; x_wconf 85' lang='lat' dir='ltr'><em>id</em></span> <span class='ocrx_word' id='word_1_523' title='bbox 740 2375 783 2399; x_wconf 80' lang='lat' dir='ltr'><em>est</em></span> <span class='ocrx_word' id='word_1_524' title='bbox 802 2373 923 2400; x_wconf 82' lang='lat' dir='ltr'><em>animam</em></span> <span class='ocrx_word' id='word_1_525' title='bbox 943 2375 1019 2400; x_wconf 83' lang='lat' dir='ltr'><em>tuam</em></span> <span class='ocrx_word' id='word_1_526' title='bbox 1042 2374 1087 2407; x_wconf 79' lang='grc' dir='ltr'><em>ΤΗ</em></span> <span class='ocrx_word' id='word_1_527' title='bbox 1109 2377 1141 2400; x_wconf 73' lang='grc'><em>-24</em></span> <span class='ocrx_word' id='word_1_528' title='bbox 1162 2374 1213 2399; x_wconf 85' lang='lat' dir='ltr'><em>hoc</em></span> <span class='ocrx_word' id='word_1_529' title='bbox 1234 2375 1276 2399; x_wconf 58' lang='lat' dir='ltr'><em>est</em></span> <span class='ocrx_word' id='word_1_530' title='bbox 1298 2373 1333 2398; x_wconf 86' lang='lat' dir='ltr'><em>M</em></span> 
     </span>
    </p>
   </div>
   <div class='ocr_carea' id='block_1_7' title="bbox 1469 443 1484 466">
    <p class='ocr_par' dir='ltr' id='par_1_11' title="bbox 1469 443 1484 466">
     <span class='ocr_line' id='line_1_46' title="bbox 1469 443 1484 466; baseline 0 0"><span class='ocrx_word' id='word_1_531' title='bbox 1469 443 1484 466; x_wconf 89' lang='grc'>5</span> 
     </span>
    </p>
   </div>
   <div class='ocr_carea' id='block_1_8' title="bbox 1471 711 1502 733">
    <p class='ocr_par' dir='ltr' id='par_1_12' title="bbox 1471 711 1502 733">
     <span class='ocr_line' id='line_1_47' title="bbox 1471 711 1502 733; baseline 0 0"><span class='ocrx_word' id='word_1_532' title='bbox 1471 711 1502 733; x_wconf 92' lang='grc'><em>10</em></span> 
     </span>
    </p>
   </div>
   <div class='ocr_carea' id='block_1_9' title="bbox 1471 1247 1505 1269">
    <p class='ocr_par' dir='ltr' id='par_1_13' title="bbox 1471 1247 1505 1269">
     <span class='ocr_line' id='line_1_48' title="bbox 1471 1247 1505 1269; baseline 0 0"><span class='ocrx_word' id='word_1_533' title='bbox 1471 1247 1505 1269; x_wconf 71' lang='lat'><em>20</em></span> 
     </span>
    </p>
   </div>
  </div>
 </body>
</html>
