1690 2611
155 679 187 702 10

154 948 185 971 15

151 1217 185 1240 20

152 1486 185 1508 :25

208 109 273 140 632
786 109 905 136 SERVII

297 191 370 222 527.
409 199 476 222 CEv
496 199 603 222 SAEPE
627 199 755 222 REFIXA
778 191 903 232 poetice
927 191 1009 223 dixit
1033 191 1207 223 secundum
1231 191 1393 232 publicam
1417 193 1485 234 opi—

208 245 351 275 nionem:
385 255 460 275 nam
488 246 525 276 ut
552 244 720 276 Lucretius
749 244 802 285 <11
827 245 912 285 206>
942 245 1033 285 dicit,
1066 246 1179 276 ventus
1213 245 1332 276 altiora
1364 247 1486 287 petens,

209 297 389 328 aetherium
410 298 521 340 ignem
538 309 645 330 secum
664 300 804 340 torquet,
824 297 878 338 qui
894 300 1017 329 tractus
1033 297 1182 329 imitatur
1197 298 1309 329 stellas
1326 298 1483 330 cadentes.

296 352 369 382 529.
406 360 595 383 ATTONITIS
619 360 736 384 ANIMIS
760 352 898 389 intentis,
923 351 1113 392 stupefactis
1137 363 1194 393 per
1218 351 1378 393 tonitrua,
1404 363 1484 393 quae

208 415 334 446 semper
358 405 532 437 cohaerent
556 405 749 437 caelestibus
775 405 914 447 ignibus.

296 458 370 490 530.
407 467 475 491 NEC
494 467 651 490 MAXIMVS
672 467 769 491 OMEN
790 467 920 490 ABNVIT
941 467 1075 490 AENEAS
1096 459 1262 500 amplexus
1282 460 1332 490 est
1356 460 1389 490 et
1412 470 1487 500 pro—

208 511 310 552 bavit,
334 523 399 544 non
415 513 589 544 secundum
609 522 768 553 augurum
788 512 993 553 disciplinam
1014 512 1096 543 dixit
1115 512 1155 543 ad
1175 523 1208 543 se
1228 523 1293 543 non
1312 513 1486 554 pertinere:

206 577 282 597 nam
305 566 411 597 nostri
436 567 563 598 arbitrii
588 568 638 598 est
661 566 731 597 visa
755 566 864 597 omnia
888 566 937 597 vel
961 566 1147 606 inprobare,
1171 565 1223 597 vel
1246 566 1398 607 recipere.

296 619 370 651 533.
406 629 497 652 SVME
517 629 631 651 PATER
654 619 818 661 praecipe:
842 631 918 650 nam
943 619 1077 651 verbum
1101 621 1151 650 est
1174 619 1486 660 iurisconsultorum,

207 684 269 714 quo
294 675 430 705 utuntur
454 674 603 715 quotiens
627 674 773 715 legatum
796 684 861 704 non
884 673 924 704 ab
948 673 1064 704 herede
1083 672 1279 713 †certamen
1298 673 1407 714 datur,
1431 673 1486 704 sed

207 729 256 759 est
279 727 314 758 in
338 727 526 768 accipientis
552 727 695 758 arbitrio.

295 781 368 813 534.
405 790 591 813 EXSORTEM
616 777 779 821 ἅκληρον,
804 780 872 811 sine
898 782 993 811 sorte.

295 835 368 866 535.
406 843 579 866 ANGHISAE
607 843 725 866 MVNVS
755 834 839 876 quod
868 833 998 866 Cisseus
1028 845 1083 865 rex
1108 833 1278 874 Thraciae,
1312 834 1485 866 secundum

206 888 389 930 Vergilium
422 891 515 930 pater
547 888 712 929 Hecubae,
749 890 786 919 ut
818 887 869 928 <X
899 888 983 929 705>
1017 887 1164 920 Cisseis
1201 887 1337 929 regina
1370 887 1486 919 Parin

206 944 326 983 creat,
351 942 513 974 Anchisae
538 942 710 983 aliquando
737 941 922 973 donaverat.

295 996 369 1028 536.
407 1004 598 1028 INPRESSVM
628 1004 740 1027 siems
769 995 916 1036 inpressa
944 995 1038 1036 signa
1066 995 1253 1036 habentem,
1283 995 1316 1026 id
1346 996 1395 1026 est
1424 1006 1486 1026 em-

206 1049 358 1081 blemata.
1265 1052 1268 1055 “

295 1104 368 1135 539.
413 1115 564 1135 rfflmmrz
584 1103 693 1143 speeies
712 1103 876 1143 participii
894 1103 960 1134 stne
979 1102 1061 1134 verbi
1079 1103 1208 1143 oriyz‘ne,
1233 1103 1375 1143 temporis
1395 1113 1485 1143 prae-

205 1158 306 1189 sentis.

295 1211 368 1242 540.
405 1220 541 1242 PRIMVM
566 1220 659 1242 ANTE
684 1219 801 1243 OMNES
831 1221 930 1241 unum
960 1212 1060 1241 vacat.
1161 1223 1312 1241 arpenn
1335 1210 1380 1240 vel
1403 1210 1485 1248 dicit,

204 1265 249 1296 vel
271 1265 403 1296 salutat:
441 1264 610 1297 Sallustius
634 1265 788 1305 Iuyurtha
813 1265 913 1305 (106,
942 1265 981 1305 1>
1004 1264 1202 1295 adveniens
1231 1264 1349 1295 Volux
1376 1274 1484 1304 quae-

204 1321 337 1350 storem
360 1318 534 1358 appellat.

294 1372 366 1403 541.
406 1385 553 1404 emano
576 1385 695 1404 [Nvmzr
716 1385 826 1404 HoNom
850 1372 885 1403 id
905 1374 949 1403 est
970 1371 1145 1411 praelatum
1168 1370 1319 1402 honorem.

294 1424 367 1456 543.
405 1434 580 1457 PROXIMVS
605 1427 680 1466 post
703 1425 928 1466 Eurytionem.
1018 1433 1123 1457 DONIS
1148 1424 1187 1456 ad
1212 1425 1304 1456 dona.

294 1478 367 1509 544.
405 1487 590 1511 EXTREMVS
620 1479 761 1511 ostendit
790 1479 848 1510 hos
878 1490 937 1510 sua
960 1490 1093 1510 munera
1116 1479 1313 1520 percepisse,
1344 1478 1484 1510 Acesten

206 1542 280 1562 vero
305 1532 483 1572 sumpsisse
510 1533 694 1574 praecipua.

277 1591 292 1636 i!
312 1591 410 1636 ventus
432 1632 437 1636 .
458 1632 463 1637 .
485 1632 490 1637 .
511 1611 655 1647 cadentes]
678 1620 762 1639 exscr.
783 1611 846 1638 Isid.
867 1620 904 1637 or.
925 1611 963 1637 III
984 1614 1024 1644 70,
1043 1615 1057 1637 3

279 1686 290 1708 1
312 1692 407 1708 κει-πε
427 1682 452 1708 L
467 1683 476 1716 ΙΙ
491 1686 505 1709 2
527 1683 602 1717 nam]
624 1683 774 1724 sve-c-undum
795 1683 857 1709 add.
871 1683 905 1708 M
919 1683 928 1717 ΙΙ
942 1683 985 1718 ut]
1006 1683 1050 1709 uel
1072 1682 1102 1709 F
1113 1683 1122 1716 ΙΙ
1136 1682 1208 1709 dixit
1226 1682 1251 1708 L
1265 1684 1274 1716 ΙΙ
1288 1686 1303 1708 3
1323 1683 1482 1718 aethereum

206 1736 255 1769 Fu
269 1740 285 1762 4
305 1745 375 1770 quae
396 1737 563 1763 caelestibus
583 1737 693 1771 ignibus
714 1745 823 1770 semper
842 1737 993 1763 cohaerent
1007 1736 1063 1769 ΜΙΙ
1078 1739 1093 1762 5
1113 1744 1222 1770 semper
1241 1744 1290 1762 om.
1303 1735 1353 1770 Fu
1368 1740 1383 1763 6
1400 1737 1482 1771 omns]

206 1782 291 1798 xmus
311 1772 337 1798 L
358 1774 367 1806 ΙΙ
392 1776 405 1798 7
425 1781 481 1798 non
501 1772 652 1798 NLHM:
671 1782 736 1799 nam
757 1772 787 1799 F
803 1773 812 1806 ΙΙ
834 1772 980 1806 augurium
1001 1772 1030 1797 F
1047 1772 1056 1805 ΙΙ
1076 1780 1104 1798 se
1123 1780 1172 1798 om.
1194 1771 1219 1797 L
1238 1773 1247 1805 ΙΙ
1270 1774 1285 1797 8
1305 1772 1398 1798 omina
1417 1773 1457 1798 lm
1476 1772 1485 1806 ΙΙ

205 1812 219 1832 9
240 1808 368 1842 praecipe
388 1808 454 1833 NH
459 1819 466 1833 .·
485 1809 596 1842 percipe
616 1809 740 1835 FLMh
759 1811 800 1841 (er
818 1809 849 1834 in
868 1817 921 1834 raS.
938 1809 957 1841 l)
978 1809 987 1842 ΙΙ
1006 1808 1266 1834 iuriaeonsultorein
1285 1807 1318 1833 H
1333 1808 1342 1842 ΙΙ
1367 1811 1398 1834 10
1418 1816 1484 1841 quo-

205 1843 275 1869 tiens
296 1844 421 1878 legatum
442 1852 496 1869 non
517 1845 552 1870 ab
572 1844 673 1871 herede
693 1845 774 1871 datur
794 1843 860 1870 FM
893 1843 1020 1877 quotiens
1039 1843 1163 1877 legatum
1182 1843 1286 1869 habere
1306 1843 1484 1870 decertamen

204 1879 287 1906 datur
311 1879 389 1913 (alibi
410 1879 516 1905 sinendi
537 1880 619 1906 inodo
639 1881 721 1906 datur
740 1881 770 1906 in
789 1887 874 1913 mary.
895 1880 952 1906 ead.
972 1881 1056 1913 man.)
1075 1879 1107 1905 N
1137 1878 1265 1913 quotiens
1284 1878 1409 1913 legatum
1428 1887 1483 1906 non

204 1932 311 1958 sinendi
334 1932 417 1958 modo
443 1932 524 1973 datur
550 1933 653 1960 habere
673 1934 707 1960 de
732 1934 872 1973 953¹&an
897 1932 981 1959 datur
1004 1932 1030 1958 L
1062 1932 1191 1966 quotiens
1215 1932 1339 1967 legatum
1366 1941 1421 1959 non
1448 1933 1483 1959 ab

204 1986 305 2012 herede
325 1987 466 2012 certamen
487 1986 569 2012 datur
589 1986 657 2013 alibi
678 1986 786 2013 sinendi
806 1986 888 2012 modo
908 1986 991 2012 datur
1005 1986 1042 2012 Η.
1062 1987 1126 2018 fort.
1142 1986 1270 2020 quotiens
1290 1987 1414 2020 legatum
1429 1995 1483 2012 non

203 2022 238 2048 ab
260 2022 359 2047 herede
380 2030 394 2047 c
414 2023 581 2048 testamento
601 2023 690 2048 datur.
720 2023 753 2055 cf.
770 2022 842 2048 stein
861 2022 952 2048 Roem.
972 2021 1092 2048 Privatr.
1106 2030 1135 2055 p.
1148 2025 1197 2049 381
1213 2022 1222 2055 ΙΙ
1236 2022 1284 2048 sed
1304 2023 1347 2048 est
1365 2022 1393 2048 in
1412 2022 1482 2048 acci-

203 2058 304 2091 pientis
329 2057 444 2083 arbitrio
466 2057 541 2083 FN.-
570 2058 616 2083 sed
636 2067 668 2084 ex
693 2059 720 2091 (x
741 2059 771 2084 in
789 2066 843 2084 ναε.
865 2059 883 2091 l)
908 2057 1070 2091 accipientis
1096 2057 1211 2084 arbitrio
1231 2058 1256 2083 L
1285 2058 1333 2084 sed
1352 2059 1394 2084 est
1412 2057 1482 2084 acei-

204 2093 305 2127 picntis
326 2092 441 2118 arbitrio
457 2093 486 2118 ΙΙ
509 2093 556 2119 sed
569 2093 620 2127 sslf]
633 2094 797 2128 accipientis
817 2093 932 2119 arbitrio
952 2093 979 2119 id
1000 2094 1043 2119 est
1061 2092 1259 2120 uindicationis
1279 2093 1325 2120 uel
1344 2093 1482 2127 opinionis

204 2130 284 2161 (duae
303 2129 343 2154 vel
363 2131 414 2154 tres
434 2129 539 2154 litterae
558 2130 679 2155 radendo
698 2130 797 2156 deletae
814 2130 889 2162 sunt)
908 2129 943 2155 M
970 2129 998 2155 id
1018 2130 1060 2155 est
1079 2129 1281 2155 uindicationes
1296 2129 1342 2155 uel
1361 2128 1482 2162 optionis

203 2166 262 2198 (sie)
280 2165 387 2198 primus
402 2165 487 2190 edidit
504 2165 658 2191 Masi-icius
672 2166 681 2198 ΙΙ
698 2169 728 2191 12
745 2174 864 2191 «ικΑενυΝ
881 2165 910 2190 1‹'
932 2173 1053 2191 ‹thfflPON
1069 2165 1099 2190 N
1123 2175 1238 2191 mannos
1258 2165 1286 2190 id
1306 2165 1393 2191 estin
1407 2164 1481 2190 rael

204 2201 315 2226 acleron
337 2200 372 2225 M
385 2201 394 2233 ΙΙ
414 2203 446 2225 14
466 2200 578 2234 Cisseis]
600 2200 710 2227 scissets
730 2201 760 2227 11
788 2200 899 2227 cissaeis
921 2201 955 2226 M
969 2202 978 2234 ΙΙ
999 2204 1030 2226 16
1051 2200 1210 2227 enblemata
1229 2200 1258 2226 F
1270 2201 1279 2234 Η
1299 2203 1332 2227 18
1351 2200 1480 2226 scholiwm

204 2237 240 2261 ml
260 2236 391 2262 viridanti
411 2236 496 2261 edidit
514 2237 668 2268 ,Stephanus
682 2239 691 2270 ΙΙ
711 2236 852 2270 praesenti
872 2236 901 2261 F
913 2237 922 2270 ΙΙ
941 2239 974 2262 20
994 2245 1079 2262 unum
1098 2236 1192 2270 vacat]
1212 2236 1241 2262 id
1261 2236 1304 2262 est
1322 2244 1406 2261 unum
1426 2234 1456 2260 F
1472 2235 1481 2268 Ι’

203 2272 304 2297 scholia
324 2272 360 2297 ad
384 2271 510 2304 appellat
533 2274 555 2296 et.
576 2273 612 2297 nd
631 2273 756 2305 praelato
776 2271 876 2298 invidit
895 2271 993 2298 honori
1012 2272 1097 2298 edidit
1117 2272 1271 2305 Stephanus
1298 2272 1306 2305 ΙΙ
1335 2273 1367 2296 21
1389 2270 1479 2297 Volux

203 2307 353 2333 adveniens
372 2307 522 2333 Sallustius
549 2307 701 2334 adueniens
721 2308 803 2334 uelox
824 2307 921 2340 F1124
940 2308 1043 2334 scholia
1062 2308 1099 2334 ad
1116 2316 1139 2333 υ,
1161 2310 1212 2333 543
1231 2315 1280 2333 om.
1300 2306 1351 2340 Fss
1365 2308 1399 2332 25
1418 2315 1478 2340 per-

204 2343 303 2376 cipisse
324 2343 355 2368 H
