1690 2611
508 121 620 148 COMM.
640 121 679 147 IN
697 120 804 147 VERG.
824 120 907 147 AEN.
927 121 960 147 V.
981 123 1129 147 690—721.
1359 122 1362 124 ’
1392 119 1455 151 643

181 213 248 235 RET
278 213 336 235 IRA
364 213 486 236 MAGNA
516 212 614 235 DEVM
648 213 728 244 quae
761 202 1055 243 praesignificabat.
1103 202 1238 245 ‘magna
1267 203 1315 234 ira
1345 201 1455 234 deum’

180 258 213 289 id
237 261 287 290 est
310 258 404 299 Iuno,
427 260 463 289 ut
487 259 519 288 et
543 256 621 288 alibi
644 255 730 296 <VII
747 256 832 296 432>
858 256 1071 287 caelestum
1096 256 1153 287 vis
1178 266 1317 298 magna
1340 255 1456 287 iubet.

271 312 343 343 708.
381 319 533 343 sonArvs
557 318 705 342 vocmvs
729 318 823 340 INFIT
850 309 882 339 id
904 312 947 340 est
970 309 1095 340 solatur
1120 311 1152 341 et
1176 310 1259 341 infit:
1292 321 1367 341 nam
1392 308 1456 341 ‘so-

183 364 270 397 lans'
295 365 407 396 debuit
430 365 549 404 dicere,
573 364 657 395 sicut
680 355 815 404 sequens
841 363 909 394 eius
934 362 1055 394 indicat
1079 363 1267 394 consolatio.

272 419 343 450 710.
381 427 548 456 QVICQVID
582 425 664 448 ERIT
698 419 734 448 ut
765 417 811 447 ait
843 415 900 456 <II
925 416 992 455 77>
1026 416 1147 447 fuerit
1183 417 1457 458 quodcumque,

182 472 344 504 fatebor.
412 480 578 503 FERENDO
599 480 661 503 EST
685 471 760 502 dum
784 469 900 501 fertur:
925 470 1037 501 modus
1058 470 1192 511 gerundi
1213 472 1262 501 est
1281 482 1299 501 a
1319 470 1458 511 passivo.

273 526 343 556 711.
382 534 444 557 EST
470 534 541 556 TIBI
566 525 629 556 iam
654 525 715 555 hoe
739 523 907 556 consilium
934 525 996 554 est:
1020 523 1054 554 id
1071 526 1113 554 est
1136 523 1234 555 habes.
1312 532 1456 555 DIVINAE

183 588 311 612 STIRPIS
336 581 465 620 praeter
488 578 676 610 Dardanum
700 589 720 609 a
743 577 869 609 Criniso
893 576 1001 608 fluvio.

271 633 343 664 712.
381 641 574 664 VOLENTEM
599 633 789 663 voliturum:
814 642 887 662 nam
913 631 995 662 velle
1019 630 1128 662 habet.
1211 632 1372 671 νοιΕΝΤΕΜ]
1398 630 1458 672 (vo-

182 687 329 718 lituram:
352 685 441 728 nam)
465 696 528 717 non
551 686 616 717 iam
639 686 712 717 vult.

272 740 343 771 713.
383 748 563 771 SVPERANT
589 741 777 781 supersunt,
808 738 1018 780 superfluunt.
1065 737 1143 769 dicit
1167 740 1274 769 autem
1299 749 1363 769 non
1388 740 1458 769 tan-

181 794 250 824 tum
276 793 410 833 debiles,
434 793 490 825 sed
515 793 612 824 etiam
638 793 782 824 nolentes
808 792 954 824 iuvenes:
979 792 1062 823 unde
1087 791 1232 832 sequitur
1256 790 1458 832 ‘longaevos-

183 858 243 888 que
259 846 375 878 senes’:
399 839 458 878 nec
477 846 561 878 enim
582 846 712 878 adderet
732 845 825 887 ‘que',
848 846 911 877 nisi
937 857 1035 886 supra
1054 845 1185 876 iuvenes
1205 844 1348 876 dixisset.
1381 844 1457 875 item

183 900 362 941 expressius
388 899 432 931 ‘et
457 900 607 941 quicquid
631 902 736 930 tecum
761 899 939 930 invalidum
965 901 1173 939 metuensque
1198 898 1311 939 pericli
1335 898 1404 930 est'.

272 954 344 984 714.
382 962 588 985 PERTAESVM
621 961 908 984 MAGNI-INCEPTI
943 954 978 984 ut
1011 952 1077 992 <IV
1111 953 1171 993 18>
1206 952 1237 983 si
1269 963 1344 983 non
1378 963 1459 992 per-

182 1008 332 1038 taesum
356 1007 521 1038 thalami
544 1007 755 1047 taedaeque
779 1006 928 1037 fuisset.

273 1061 344 1092 718.
381 1069 549 1092 PERMISSO
570 1069 705 1091 NOMINE
731 1060 771 1092 ab
792 1060 909 1091 Aceste
934 1059 1065 1091 scilicet.
1104 1060 1190 1091 dicta
1214 1061 1321 1090 autem
1342 1058 1461 1090 Acesta

183 1113 325 1155 Segesta.

272 1167 343 1198 720.
382 1176 453 1198 TVM
469 1176 561 1199 VERO
586 1178 661 1198 nam
687 1169 718 1198 et
738 1169 811 1198 ante
831 1178 866 1198 ea
886 1167 1100 1208 cogitaverat,
1125 1169 1160 1198 ut
1179 1167 1286 1207 (701)
1306 1168 1459 1207 pectore

182 1232 291 1252 ouras
316 1221 491 1252 mutabat
514 1232 681 1252 versans.
764 1230 901 1252 ANIMVM
922 1230 1115 1252 DIDVCITVR
1135 1220 1259 1252 Graeca
1282 1221 1399 1262 figura,
1424 1221 1460 1251 ut

182 1273 335 1305 ‘mentem
359 1273 487 1306 laesus’.

272 1328 344 1359 721.
382 1337 425 1359 ET
450 1337 521 1360 Nox
546 1337 637 1359 ATRA
663 1337 779 1360 POLVM
809 1328 901 1369 quasi
926 1328 1030 1359 maior
1055 1339 1152 1359 causa
1176 1328 1397 1369 cogitationis,
1426 1330 1461 1359 ut

184 1382 219 1422 <I
245 1381 330 1422 662>
356 1384 394 1413 et
419 1382 486 1413 sub
512 1384 661 1413 noctem
692 1393 781 1413 cura
810 1384 992 1413 recursat.
1084 1390 1175 1413 BIGlS
1200 1382 1330 1423 proprie
1356 1383 1460 1413 modo:

185 1446 258 1467 nam
282 1436 446 1475 rorifera
470 1438 688 1467 tenuaverat
710 1439 799 1467 a'e'ra
822 1436 905 1476 biya
927 1436 1049 1473 abusive
1072 1438 1122 1468 est.

256 1526 285 1549 11
309 1523 469 1557 ‘Superant’
491 1525 638 1557 supersunt
657 1524 840 1558 superfluunt]
862 1523 894 1550 cf.
916 1524 985 1550 Gen.
1007 1525 1078 1549 noct.
1100 1523 1158 1549 Att.
1179 1524 1189 1548 Ι
1210 1527 1242 1549 22
1263 1525 1272 1557 Η
1297 1527 1329 1549 23
1350 1524 1460 1556 proprie

184 1579 188 1584 .
210 1581 215 1586 .
237 1580 242 1584 .
267 1558 381 1585 abusive
406 1559 458 1592 est]
483 1559 517 1585 cf.
538 1559 612 1585 Serv.
638 1559 672 1585 ad
692 1560 759 1586 Aen.
780 1560 804 1585 ΙΙ
825 1563 874 1585 272
897 1561 924 1585 et
943 1559 1071 1593 Pompeii
1097 1568 1193 1586 comm.
1220 1569 1245 1593 p.
1269 1563 1327 1592 167,
1347 1562 1381 1585 20
1401 1559 1431 1585 K.
1453 1560 1461 1593 Η

184 1598 218 1620 24
238 1594 365 1629 rorifera]
387 1594 456 1621 Stat.
477 1594 563 1621 Theb.
585 1595 595 1620 Ι
615 1598 666 1621 338

256 1678 268 1701 1
290 1674 554 1708 praesignificabant
573 1675 646 1707 LH,
667 1684 734 1701 corr.
755 1676 787 1709 ΖΗ
806 1679 820 1700 2
841 1676 872 1701 ut
891 1676 920 1701 et
940 1676 989 1701 M:
1009 1676 1040 1701 ut
1060 1675 1125 1701 FN
1151 1677 1179 1701 et
1198 1675 1261 1701 LH
1273 1676 1282 1708 ΙΙ
1300 1675 1390 1710 iubet]
1411 1675 1461 1701 iuli

184 1710 213 1736 F
225 1711 234 1744 ss
248 1714 263 1736 4
283 1710 386 1744 dicere]
407 1718 510 1743 ponere
530 1710 561 1736 F
572 1712 580 1743 ΙΙ
596 1714 611 1736 5
630 1721 760 1741 vava
781 1720 847 1737 ERAT
867 1711 897 1736 F
909 1713 917 1744 ΙΙ
932 1711 973 1745 ut]
995 1711 1035 1737 ait
1054 1712 1086 1737 N
1097 1712 1106 1744 ΙΙ
1120 1714 1136 1737 6
1149 1710 1290 1737 fatebatur
1309 1711 1338 1736 F
1350 1712 1359 1744 ΙΙ
1374 1714 1387 1737 7
1408 1711 1460 1737 hoc

184 1747 239 1772 iam
259 1746 331 1772 HM
343 1747 352 1779 ΙΙ
367 1750 382 1771 8
402 1748 461 1778 pter
480 1746 512 1771 N
536 1748 629 1779 preter
648 1746 687 1771 L:
706 1748 820 1780 propter
842 1747 947 1773 FHM
960 1748 969 1780 ΙΙ
985 1747 1012 1781 a]
1034 1748 1062 1773 et
1081 1747 1116 1773 ab
1136 1746 1165 1772 F
1177 1747 1186 1779 ΙΙ
1201 1746 1319 1780 Criniso]
1341 1746 1460 1773 acriniso

187 1781 215 1807 F
244 1781 340 1807 crimio
360 1781 412 1815 ΗΙΙ
427 1784 441 1807 9
461 1790 525 1807 nam
545 1781 617 1807 velle
638 1782 733 1816 habet]
754 1783 788 1814 cf.
809 1782 882 1808 Serv.
904 1783 940 1808 ad
959 1784 1027 1809 Aen.
1049 1782 1085 1808 III
1107 1785 1157 1808 457
1173 1783 1181 1815 ΙΙ
1198 1786 1229 1808 10
1249 1791 1304 1808 non
1324 1782 1381 1808 iam
1400 1782 1460 1808 vult

184 1818 244 1843 hab.
267 1817 302 1843 M
320 1820 343 1843 ct
362 1817 446 1843 edidit
466 1817 620 1849 Stephanus
642 1818 651 1851 ΙΙ
678 1821 705 1843 11
729 1827 862 1843 SVPERANT
882 1827 946 1847 va
967 1819 1024 1849 (sic)
1045 1828 1158 1843 NAvmvs
1178 1818 1207 1843 F
1229 1819 1238 1851 ΙΙ
1268 1821 1298 1843 12
1320 1818 1458 1851 nolentes]

186 1853 310 1878 vadentes
330 1853 484 1878 Masm'cz'us
503 1856 526 1878 et
544 1853 733 1879 Burmannus.
771 1854 816 1879 secl
840 1854 966 1879 nolentes
990 1853 1102 1879 iuvenes
1128 1856 1193 1879 sunt
1214 1853 1290 1886 ‘quos
1306 1857 1461 1886 pertaesum

185 1889 278 1921 mnyni
296 1889 398 1921 incepti
415 1896 555 1921 rerumque
575 1892 685 1914 tuarum
705 1889 761 1914 est'.
787 1890 795 1922 ΙΙ
826 1892 856 1915 13
877 1889 991 1915 dixisset
1009 1889 1088 1922 item}
1110 1889 1182 1915 unde
1203 1889 1328 1921 sequitur
1347 1889 1462 1915 dixisset

185 1924 258 1949 enim
278 1923 307 1949 F
323 1925 332 1956 u
358 1927 390 1949 14
410 1932 553 1956 expressus
573 1924 604 1949 N
620 1925 629 1957 Η
652 1924 786 1957 quidquid
807 1925 836 1950 F
852 1926 861 1958 ss
882 1924 1036 1950 inualidum
1057 1927 1098 1951 est
1118 1925 1190 1950 HM
1207 1926 1216 1957 ΙΙ
1234 1925 1390 1958 timensque
1411 1925 1433 1950 L
1454 1935 1462 1947 ¹1

186 1959 239 1993 est]
264 1959 357 1993 delige
376 1959 439 1985 add.
460 1958 489 1984 F
515 1960 524 1992 fl
554 1962 585 1985 15
605 1960 720 1994 INCEPTI]
746 1961 929 1994 compositum
950 1968 1000 1993 pro
1020 1960 1152 1994 simplici,
1178 1968 1226 1994 pro
1246 1962 1367 1992 mesum,
1388 1961 1460 1993 quod

186 2003 250 2020 usus
269 2003 324 2021 non
344 1994 452 2020 obtinet
471 1995 534 2021 add.
555 1995 583 2020 D
601 1996 610 2028 ΙΙ
635 1998 665 2021 17
686 1996 796 2022 acceste
816 1996 840 2021 L
855 1997 864 2029 ΙΙ
882 1997 991 2022 accesta
1011 1996 1036 2021 L
1065 1997 1166 2022 Acesta
1185 1995 1285 2021 deinde
1308 1997 1461 2022 Maevicius

456 2048 469 2059 V

184 2066 291 2098 primus
305 2066 314 2099 ΙΙ
336 2068 369 2091 20
388 2074 471 2091 Ammo
492 2066 521 2091 F
539 2068 567 2098 (v
585 2074 715 2099 superse).
736 2075 807 2092 man.
828 2069 888 2099 rec.)
908 2075 990 2092 Ammo
1012 2067 1048 2092 M
1060 2069 1069 2099 ΙΙ
1089 2077 1237 2093 11'''EDU1TxR
1256 2067 1320 2092 Izhrzt
1339 2068 1348 2100 ss
1367 2070 1399 2092 23
1420 2075 1460 2091 re-

186 2110 281 2127 cursus
302 2101 331 2126 F
356 2102 365 2134 ΙΙ
392 2101 527 2135 recursat]
551 2101 623 2127 unde
643 2101 747 2128 Graece
772 2111 825 2128 nox
849 2102 950 2128 dicitur
975 2099 1103 2136 ευφρόνη
1131 2103 1196 2135 quia
1220 2102 1348 2128 subtilius
1372 2102 1462 2135 sapiat

187 2137 271 2163 homo
291 2145 374 2170 quam
394 2136 514 2162 interdiu
534 2137 596 2163 add.
613 2137 641 2162 D
655 2138 664 2170 ΙΙ
687 2138 768 2163 modo
789 2158 794 2162 .
811 2158 815 2163 .
834 2160 838 2164 .
859 2138 972 2164 abusive
993 2139 1034 2163 est
1052 2139 1111 2164 hab
1134 2139 1177 2167 M,
1198 2139 1279 2164 modo
1299 2138 1383 2163 edidit
1403 2138 1459 2163 S'te

183 2173 307 2205 plranwus
328 2172 410 2198 modo
430 2181 485 2198 nou
505 2174 536 2198 ut
554 2172 625 2198 ferat
644 2174 809 2199 tenu-<ruerit
822 2181 887 2199 aera
901 2173 967 2206 biga
981 2173 1081 2199 abusus
1097 2176 1139 2200 est
1153 2174 1181 2199 1
1200 2173 1305 2199 mnodo:
1322 2182 1384 2198 nam
1401 2172 1460 2198 Sta-

186 2208 242 2233 tius
263 2207 377 2234 rorifera
398 2229 402 2233 .
421 2230 424 2234 .
468 2207 534 2241 biga
553 2208 655 2234 abusus
675 2209 717 2234 est
736 2210 803 2234 coni.
819 2209 1009 2241 Burmannus)
1002 2210 1033 2242 )ΙΙ
1047 2219 1118 2235 Biffls
1138 2209 1248 2243 proprie
1268 2209 1358 2234 modo.
1389 2208 1461 2241 bigis

189 2242 286 2269 melius
306 2243 407 2276 pluiali
428 2243 531 2269 utimur
550 2252 633 2277 quam
653 2243 794 2278 singulari.
833 2244 894 2270 ideo
917 2244 1047 2271 rorifera
1071 2245 1193 2278 gelidum
1213 2245 1378 2270 tenuaverat
1397 2253 1461 2270 aera

188 2278 236 2312 big
237 2279 264 2304 a’
286 2278 399 2305 abusive
420 2278 490 2304 dixit
505 2279 617 2305 Statius.
646 2280 728 2313 bigae
749 2281 841 2306 autem
858 2289 874 2306 a
890 2279 961 2306 binis
980 2279 1052 2314 iugis
1072 2280 1170 2306 dictae
1201 2280 1346 2313 praecipue
1367 2279 1460 2305 autem

188 2313 291 2340 dietum
313 2316 354 2341 est
374 2314 439 2347 quia
458 2315 523 2340 luna
543 2315 645 2340 dicitur
664 2315 765 2341 habere
785 2315 877 2349 bigas,
897 2324 968 2349 quae
987 2316 1061 2342 nocti
1082 2325 1120 2349 pr
1115 2317 1202 2347 ieist
1223 2315 1267 2340 cui
1283 2315 1384 2349 duplex
1399 2324 1459 2350 pio-

189 2349 292 2384 prietas
313 2350 451 2376 crescendi
471 2351 500 2376 et
519 2350 695 2377 decrescendi
714 2351 750 2377 D.
784 2352 819 2384 cf.
840 2352 908 2378 Isid.
929 2360 968 2378 or.
988 2351 1077 2378 XVIII
1097 2355 1168 2384 36,1
1190 2354 1213 2377 et
1232 2354 1247 2377 2

1478 690 1511 713 10

1482 958 1512 981 15

1480 1226 1513 1249 20
