1690 2611
213 409 228 432 5

199 678 231 702 10

201 948 233 971 15

202 1216 237 1240 20

245 102 310 133 544
821 101 941 127 SERVII

334 184 408 216 443.
445 193 480 215 n·
501 192 652 216 STRIDOR
676 184 716 216 ad
731 184 873 216 dolorem
892 184 1019 215 Aeneae
1034 183 1183 224 pertinet,
1198 183 1236 215 de
1254 195 1315 225 quo
1332 185 1379 216 ait
1393 184 1522 226 ‘magno

245 238 402 279 persentit
420 239 550 279 pectore
570 237 683 269 euras'.
752 246 842 269 ALTE
862 239 917 268 emt
936 237 1064 278 iugiter,
1084 237 1151 278 diu3
1171 240 1226 268 aut
1244 248 1281 269 ex
1299 238 1360 270 alto
1379 239 1523 270 cadentes.

335 291 410 322 444.
449 299 702 323 CONSTERNVNT
722 292 871 333 implent,
891 291 1061 329 cumulant,
1086 292 1121 321 ut
1141 292 1264 322 strata
1289 291 1416 323 iacent
1440 303 1523 333 pas-

248 345 320 377 sim
345 357 411 377 sua
435 356 608 387 quaeque
634 347 701 378 sub
727 346 863 377 arbore
888 356 1006 386 poma..
1080 353 1240 376 FRONDES
1266 345 1349 376 sicut
1372 345 1524 377 lacrimae

248 399 387 430 Aeneae.
478 411 577 431 srzpns
598 402 699 432 antem
722 401 822 431 media
840 409 919 439 pars
943 401 985 430 est
1007 399 1142 439 arboris,
1164 409 1241 439 qnae
1263 409 1366 430 ramos
1389 400 1524 431 sustinet.

336 452 410 484 445.
448 461 583 484 HAERET
609 461 775 485 SCOPVLIS
801 453 882 484 sicut
906 452 961 483 ille
985 452 1018 483 in
1044 452 1177 483 consilio
1202 454 1395 493 perseverat.

337 506 411 537 446.
448 515 590 538 TANTVM
614 514 745 538 RADICE
771 515 807 537 IN
833 514 993 537 TARTARA
1018 514 1147 537 TENDIT
1172 506 1345 537 secundum
1365 506 1526 547 physicos,

249 560 304 602 qui
328 560 439 591 dicunt
462 571 572 601 parem
598 571 666 591 esse
691 559 897 591 altitudinem
921 559 1065 590 radicum
1090 560 1121 590 et
1146 559 1306 590 arborum.

338 614 412 645 448.
451 627 600 646 Tvzvnrrrn
618 624 705 654 saepe
722 614 877 654 pulsatur.
926 613 1086 644 Terentius
1110 613 1292 645 tundendo
1316 615 1424 653 atque
1446 613 1529 644 odio

250 668 402 708 deniqne
425 667 553 707 effecit
574 677 693 707 senece,
717 669 745 698 et
767 667 830 707 ipse
853 666 930 698 alibi
952 666 1118 707 Rhipaeo
1143 667 1314 698 tunditur
1336 666 1447 698 Euro.

251 735 350 755 marvo
370 734 531 754 PERSENTIT
555 734 682 754 merome
711 721 852 761 quamvis
884 731 1006 761 nmyno,
1039 721 1132 752 sentit
1163 731 1269 758 ezcras;
1301 721 1354 752 sed
1379 730 1430 752 eas
1456 720 1534 760 forti

246 779 366 817 pectore
383 776 515 816 patitur.
562 774 684 807 ‘curas'
703 777 802 815 potest
823 774 971 812 Didonis,
990 776 1090 814 potest
1111 776 1139 805 et
1160 784 1241 806 suas.

341 830 415 861 449.
452 842 531 862 MENS
549 842 656 862 marom
676 841 778 860 MANET
798 829 841 860 acl
862 829 942 860 illud
963 828 1093 867 refertur
1113 826 1185 859 ‘illa
1207 827 1310 859 haeret
1331 827 1487 868 seopulis’.

253 892 432 916 LACRIMAE
457 891 584 914 INANES
615 882 690 924 quia
724 881 830 913 ‘mens
860 881 984 913 inmota
1016 880 1155 912 manet':
1187 884 1216 913 et
1247 884 1351 913 utrum
1385 881 1534 920 ‘inanes'‚

252 949 329 979 quae
347 937 468 970 Didoni
486 936 567 968 nihil
581 936 727 977 prosint?
751 936 878 976 quidam
898 937 999 966 tamen
1019 934 1180 967 ‘lacrimas
1199 934 1322 967 inanes’
1342 935 1387 967 vel
1407 935 1534 977 Aeneae,

252 993 297 1024 vel
320 991 469 1029 Didonis,
492 991 537 1022 vel
560 990 688 1031 Annae,
710 990 755 1021 vel
778 989 916 1021 onmium
939 989 1104 1029 accipiunt.

342 1046 417 1077 450.
454 1054 527 1076 TVM
551 1053 644 1076 VERO
678 1045 754 1085 post
786 1043 1054 1084 desperationem.
1158 1055 1261 1079 (κως)
1283 1056 1446 1075 exn-emm
1468 1056 1536 1075 nmo

254 1100 341 1141 atqui
363 1100 399 1131 in
421 1100 482 1140 fine
505 1099 552 1130 ait
575 1098 682 1139 <696>
710 1108 795 1129 nam
822 1097 913 1137 qnia
945 1107 1006 1128 nee
1036 1097 1128 1138 fato,
1161 1097 1297 1128 merita
1329 1107 1390 1128 nee
1422 1099 1537 1129 morte

249 1153 413 1196 peribat.
460 1151 567 1192 ‘fatis'
597 1162 665 1193 erqo
689 1153 744 1183 ant
766 1151 858 1183 malis
877 1151 961 1182 snis:
985 1153 1041 1182 aut
1063 1161 1083 1181 a
1106 1150 1192 1182 verbo
1218 1149 1294 1192 ‘for,
1325 1150 1422 1190 s'aris'
1453 1151 1537 1190 fatis,

255 1209 290 1240 id
311 1210 354 1240 est
376 1207 528 1248 responsis
552 1206 681 1237 Aeneae.
772 1213 973 1236 Ex'rERRl'rA
997 1206 1098 1235 autem
1121 1204 1344 1245 praecipitata,
1368 1205 1508 1236 turbata.

345 1261 420 1293 451.
456 1269 603 1292 MORTEM
629 1268 720 1291 ORAT
751 1269 810 1300 pro
841 1258 1014 1299 desiderat,
1044 1260 1080 1289 ut
1105 1257 1159 1298 <II
1183 1257 1269 1298 655>
1299 1259 1537 1300 mortemque

258 1315 503 1347 miserrimus
528 1315 633 1355 opto:
659 1314 714 1344 aut
738 1314 824 1344 certe
848 1312 920 1343 ideo
947 1311 1059 1352 ‘orat',
1084 1311 1160 1353 quia
1180 1313 1367 1344 consecrata
1386 1311 1458 1353 fuit,
1481 1323 1539 1344 nee

258 1370 341 1402 mori
374 1369 516 1410 poterat,
552 1367 616 1399 nisi
649 1367 758 1399 soluta
796 1365 1045 1398 consecratione.
1159 1374 1263 1397 CAELI
1297 1373 1461 1397 CONVEXA
1494 1365 1540 1397 in-

259 1434 357 1456 curva
380 1423 471 1454 caeli.

349 1476 423 1508 452.
462 1489 516 1512 oro
537 1488 628 1508 MAGIS
650 1487 798 1508 INCEPTI'M
815 1486 949 1506 PERAGAT
973 1474 1008 1505 'id
1029 1476 1072 1505 est
1092 1475 1219 1505 mortem
1241 1473 1301 1505 sibi
1323 1473 1446 1514 inferat.

261 1543 417 1566 monitore
434 1543 602 1566 RELINQVAT
632 1530 674 1561 ad
695 1529 775 1561 illud
799 1527 912 1559 ‘taedet
934 1528 1010 1559 caeli
1033 1537 1163 1559 convena
1187 1527 1291 1559 tnert'.

334 1658 348 1681 3
369 1654 468 1689 strata]
489 1654 550 1680 bue.
571 1654 621 1680 VII
641 1656 674 1679 54
693 1654 702 1687 11
722 1656 736 1679 7
757 1652 909 1679 secundum
930 1673 934 1678 .
957 1673 962 1678 .
983 1672 988 1677 .
1008 1651 1151 1686 arborum]
1172 1659 1256 1678 exscr.
1277 1651 1341 1678 Isid.
1362 1660 1399 1678 or.
1420 1651 1495 1677 XVII
1516 1655 1541 1685 6,

265 1692 349 1725 14119
369 1690 528 1725 Terentius]
550 1690 609 1716 hee.
629 1690 641 1715 1
661 1693 685 1723 2,
705 1692 746 1716 48.
777 1689 809 1715 cf.
830 1688 899 1714 Don.
920 1687 955 1714 ad
975 1687 1001 1714 h.
1023 1696 1045 1714 v.
1061 1687 1070 1721 11
1093 1690 1125 1714 10
1146 1686 1226 1722 alibi]
1247 1695 1340 1721 georg.
1362 1687 1400 1713 ΙΙΙ
1420 1690 1470 1714 382

337 1812 349 1834 1
371 1807 409 1842 ιτ]
430 1816 479 1833 om.
501 1806 531 1833 F
557 1816 589 1832 Εἰ·
609 1806 642 1832 H
668 1815 704 1832 11⁷1·
725 1805 761 1831 M
781 1806 790 1839 11
819 1812 921 1839 magno
942 1824 947 1829 .
968 1825 973 1830 .
995 1825 1000 1830 .
1021 1812 1100 1830 curas
1120 1811 1169 1830 om.
1190 1803 1225 1835 L,
1244 1804 1275 1829 in
1293 1811 1377 1837 mary.
1397 1803 1486 1837 suppl.
1506 1803 1516 1830 Ζ
1535 1802 1542 1837 11

264 1848 279 1870 2
300 1843 435 1878 persentit
456 1843 518 1868 Ml:
537 1841 674 1875 persensit
693 1841 758 1867 FN
762 1841 791 1867 Il
805 1842 813 1875 11
828 1840 887 1875 din]
908 1840 937 1874 et
955 1839 1003 1866 diu
1021 1840 1053 1866 N
1079 1841 1108 1866 et
1127 1839 1174 1865 diu
1189 1839 1220 1865 Η
1232 1840 1241 1873 11
1256 1840 1292 1866 acl
1311 1839 1367 1865 alte
1386 1847 1460 1872 supr.
1476 1847 1542 1865 vers.

265 1879 367 1913 iugiter
386 1880 414 1905 et
433 1878 480 1904 diu
500 1878 545 1904 uel
565 1886 597 1903 ex
617 1877 675 1904 alto
696 1877 826 1903 cadentes
849 1876 873 1902 Τ
885 1878 894 1910 11
909 1881 923 1903 3
944 1876 981 1902 arl
1000 1876 1179 1902 consternunt
1198 1883 1272 1908 supr.
1293 1883 1359 1901 vers.
1379 1874 1498 1908 implent
1516 1875 1544 1901 et

266 1915 410 1942 cumulant
428 1915 451 1940 Τ
464 1915 473 1948 11
487 1922 669 1939 voxsrnnnnnr
683 1913 744 1939 NL
764 1914 957 1945 (cons'rnmvN-i*
972 1912 1002 1945 n)
1022 1920 1186 1937 consrnnmr
1200 1911 1232 1937 H
1243 1911 1252 1945 11
1267 1913 1282 1936 5
1302 1911 1339 1937 ad
1354 1910 1448 1944 stipite
1467 1918 1542 1944 supr.

265 1960 331 1978 vers.
352 1950 463 1984 proprie
483 1950 570 1983 stipes
590 1949 692 1975 dicitur
709 1948 801 1975 media
820 1957 883 1981 pars
898 1947 1004 1974 arboris
1019 1955 1091 1981 quae
1106 1946 1217 1973 frondes
1233 1946 1351 1972 sustinet
1369 1946 1392 1972 Τ
1404 1947 1413 1980 11
1428 1949 1443 1972 6
1459 1945 1531 1972 sicut

267 1988 297 2013 ut
313 1987 346 2012 M
361 1988 370 2019 11
386 1989 399 2012 7
417 1995 530 2011 :mnu-nn
547 1985 608 2010 NL
617 1985 651 2010 M
664 1985 673 2019 11
688 1988 703 2011 9
720 1985 756 2011 (ccl
775 1984 900 2010 tunditur
919 1992 993 2017 supr.
1009 1991 1075 2010 vers.
1092 1990 1174 2016 saepe
1193 1982 1320 2016 pulsatur
1338 1982 1362 2007 Τ
1374 1982 1383 2015 11
1398 1981 1482 2008 hodio
1494 1981 1524 2007 F
1532 1946 1544 2016 11

269 2026 300 2049 10
316 2022 434 2055 denique
450 2030 499 2047 oni.
513 2021 611 2047 Daniel
625 2021 634 2053 11
649 2020 725 2046 efieit
739 2020 768 2046 F
780 2021 789 2053 11
804 2019 901 2053 rhypio
918 2020 946 2045 1¹·
959 2021 967 2053 11
985 2022 1013 2045 11
1032 2027 1121 2044 MAG-NA
1137 2027 1276 2044 rnnsnnsw
1292 2017 1321 2043 F
1333 2018 1342 2051 11
1358 2020 1389 2043 12
1409 2017 1446 2044 ad
1465 2025 1543 2043 ouras

267 2067 342 2092 supr.
362 2066 427 2083 vers.
451 2058 480 2083 et
505 2065 568 2082 suas
593 2057 621 2083 et
643 2055 752 2082 didonis
777 2058 806 2082 et.
828 2064 916 2081 annae
940 2055 963 2081 T
985 2055 994 2088 11
1024 2058 1055 2080 13
1075 2055 1111 2080 ad
1131 2054 1238 2080 inmota
1256 2062 1331 2086 supr.
1350 2061 1416 2079 vers.
1435 2052 1490 2078 fixa
1509 2052 1544 2078 ad

268 2094 338 2120 illud
357 2094 450 2119 autem
472 2092 589 2119 refertur
608 2092 658 2118 illa
677 2093 736 2124 (sie)
757 2091 855 2118 haeret
876 2091 997 2125 scopulis
1019 2090 1043 2116 Τ
1060 2091 1069 2124 11
1092 2089 1174 2124 illud]
1194 2089 1245 2115 illa
1264 2089 1293 2115 F
1311 2089 1320 2123 11
1343 2087 1470 2123 referitur
1490 2087 1520 2114 F
1542 2100 1543 2115 1

271 2133 303 2156 14
322 2130 358 2156 ad
378 2129 473 2155 inanes
497 2137 571 2161 supr.
592 2136 658 2153 rurs.
678 2127 747 2153 nihil
772 2127 932 2160 profuturae
954 2127 979 2152 Τ
1000 2127 1009 2160 11
1038 2129 1069 2152 15
1094 2125 1195 2152 didone
1215 2125 1244 2150 F
1265 2126 1274 2159 11
1303 2128 1334 2151 16
1358 2123 1472 2150 didones
1491 2123 1521 2149 F
1543 2124 1545 2157 1

269 2165 392 2191 onmium
409 2164 575 2190 Illasviezssus:
595 2163 738 2189 hominum
755 2163 784 2188 F
796 2164 804 2197 11
822 2166 851 2189 17
872 2163 909 2189 ad
928 2162 992 2189 fatis
1011 2170 1086 2194 supr.
1107 2169 1172 2187 vers.
1193 2160 1274 2187 malis
1293 2159 1349 2186 suis
1369 2159 1414 2185 uel
1433 2167 1544 2192 respon-

269 2201 306 2227 sis
326 2208 429 2227 aeneae
449 2200 480 2225 ut
499 2199 594 2225 iis-nint
613 2199 648 2225 ab
668 2208 700 2225 eo
720 2199 805 2225 uerbo
825 2198 898 2231 quod
919 2199 959 2224 est
978 2197 1021 2224 for
1040 2196 1106 2223 faris
1128 2196 1152 2222 Τ
1173 2197 1182 2230 11
1207 2199 1239 2222 19
1258 2195 1388 2230 perbibat
1406 2194 1436 2220 F
1456 2195 1465 2228 11
1489 2195 1543 2229 for]

270 2238 312 2263 sar
331 2236 360 2262 F
381 2237 390 2270 11
418 2239 451 2262 20
471 2236 507 2261 ad
526 2234 659 2261 exterrita
677 2243 751 2268 supr.
772 2243 838 2261 rer-sn
858 2234 886 2260 id
907 2235 950 2260 est
973 2232 1158 2267 praecipitata
1181 2232 1294 2258 turbata,
1314 2230 1338 2256 Τ
1360 2230 1369 2264 11
1396 2232 1429 2256 25
1449 2231 1486 2256 ad
1505 2230 1545 2256 in-

271 2274 382 2306 ceptum
401 2280 476 2305 supr.
496 2279 561 2297 vers.
582 2270 656 2303 quod
676 2271 768 2296 niente
788 2269 917 2303 concepit
936 2268 964 2295 id
984 2270 1026 2295 est
1044 2270 1076 2295 ut
1095 2268 1213 2294 mortem
1234 2266 1286 2293 sibi
1305 2266 1408 2292 inferat
1429 2265 1452 2291 'l‘
1475 2266 1483 2300 11
1511 2269 1544 2292 26

271 2310 307 2335 ad
327 2308 472 2340 lucemque
496 2306 636 2368 rglinquat
658 2315 733 2339 supr.
758 2314 823 2332 vers.
850 2305 983 2332 moriatur
1006 2305 1059 2331 hoc
1083 2304 1119 2331 ad
1142 2303 1212 2330 illud
1237 2301 1350 2336 respicit
1372 2301 1450 2328 tedet
1473 2301 1546 2328 caeli

271 2352 395 2371 connexa
413 2343 484 2369 tueri
527 2342 531 2351 ¹
