<?xml version="1.0" encoding="UTF-8"?>
<!DOCTYPE html PUBLIC "-//W3C//DTD XHTML 1.0 Transitional//EN"
    "http://www.w3.org/TR/xhtml1/DTD/xhtml1-transitional.dtd">
<html xmlns="http://www.w3.org/1999/xhtml" xml:lang="en" lang="en">
 <head>
  <title>
</title>
<meta http-equiv="Content-Type" content="text/html;charset=utf-8" />
  <meta name='ocr-system' content='tesseract 3.04.00' />
  <meta name='ocr-capabilities' content='ocr_page ocr_carea ocr_par ocr_line ocrx_word'/>
</head>
<body>
  <div class='ocr_page' id='page_1' title='image "./serviigrammatici01bons_0757.png"; bbox 0 0 1690 2611; ppageno 0'>
   <div class='ocr_carea' id='block_1_1' title="bbox 528 88 1477 120">
    <p class='ocr_par' dir='ltr' id='par_1_1' title="bbox 528 88 1477 120">
     <span class='ocr_line' id='line_1_1' title="bbox 528 88 1477 120; baseline 0.004 -4"><span class='ocrx_word' id='word_1_1' title='bbox 528 89 639 116; x_wconf 87' lang='lat' dir='ltr'>COMM.</span> <span class='ocrx_word' id='word_1_2' title='bbox 659 89 699 115; x_wconf 84' lang='grc' dir='ltr'>ΙΝ</span> <span class='ocrx_word' id='word_1_3' title='bbox 720 88 826 115; x_wconf 81' lang='lat' dir='ltr'>VERG.</span> <span class='ocrx_word' id='word_1_4' title='bbox 847 88 929 115; x_wconf 87' lang='lat' dir='ltr'>AEN.</span> <span class='ocrx_word' id='word_1_5' title='bbox 949 89 982 115; x_wconf 86' lang='lat' dir='ltr'>V.</span> <span class='ocrx_word' id='word_1_6' title='bbox 1002 91 1152 116; x_wconf 79' lang='lat'>847-871.</span> <span class='ocrx_word' id='word_1_7' title='bbox 1414 88 1477 120; x_wconf 76' lang='lat'>655</span> 
     </span>
    </p>
   </div>
   <div class='ocr_carea' id='block_1_2' title="bbox 190 170 1478 1385">
    <p class='ocr_par' dir='ltr' id='par_1_2' title="bbox 200 170 1477 417">
     <span class='ocr_line' id='line_1_2' title="bbox 201 170 1477 213; baseline -0.002 -9"><span class='ocrx_word' id='word_1_8' title='bbox 201 174 299 204; x_wconf 89' lang='lat' dir='ltr'>cantu</span> <span class='ocrx_word' id='word_1_9' title='bbox 336 173 369 204; x_wconf 88' lang='lat' dir='ltr'>in</span> <span class='ocrx_word' id='word_1_10' title='bbox 406 171 576 213; x_wconf 84' lang='lat' dir='ltr'>naufragia</span> <span class='ocrx_word' id='word_1_11' title='bbox 613 170 822 202; x_wconf 73' lang='lat' dir='ltr'>deducebant.</span> <span class='ocrx_word' id='word_1_12' title='bbox 879 171 1053 202; x_wconf 86' lang='lat' dir='ltr'>secundum</span> <span class='ocrx_word' id='word_1_13' title='bbox 1087 171 1258 202; x_wconf 88' lang='lat' dir='ltr'>veritatem</span> <span class='ocrx_word' id='word_1_14' title='bbox 1292 171 1477 203; x_wconf 72' lang='lat' dir='ltr'>meretrices</span> 
     </span>
     <span class='ocr_line' id='line_1_3' title="bbox 200 223 1477 267; baseline -0.002 -9"><span class='ocrx_word' id='word_1_15' title='bbox 200 226 344 267; x_wconf 81' lang='lat' dir='ltr'>fuerunt,</span> <span class='ocrx_word' id='word_1_16' title='bbox 378 236 458 267; x_wconf 85' lang='lat' dir='ltr'>quae</span> <span class='ocrx_word' id='word_1_17' title='bbox 485 225 689 256; x_wconf 85' lang='lat' dir='ltr'>transeuntes</span> <span class='ocrx_word' id='word_1_18' title='bbox 722 223 874 265; x_wconf 84' lang='lat' dir='ltr'>quoniam</span> <span class='ocrx_word' id='word_1_19' title='bbox 904 224 1103 256; x_wconf 69' lang='lat' dir='ltr'>deducebant</span> <span class='ocrx_word' id='word_1_20' title='bbox 1132 224 1171 255; x_wconf 83' lang='lat' dir='ltr'>ad</span> <span class='ocrx_word' id='word_1_21' title='bbox 1201 226 1393 266; x_wconf 70' lang='lat' dir='ltr'><strong>egestatem,</strong></span> <span class='ocrx_word' id='word_1_22' title='bbox 1426 224 1477 256; x_wconf 83' lang='lat' dir='ltr'>his</span> 
     </span>
     <span class='ocr_line' id='line_1_4' title="bbox 200 276 1477 318; baseline -0.002 -7"><span class='ocrx_word' id='word_1_23' title='bbox 200 280 293 311; x_wconf 85' lang='lat' dir='ltr'>fictae</span> <span class='ocrx_word' id='word_1_24' title='bbox 318 281 393 310; x_wconf 88' lang='lat' dir='ltr'>sunt</span> <span class='ocrx_word' id='word_1_25' title='bbox 421 278 538 309; x_wconf 86' lang='lat' dir='ltr'>inferre</span> <span class='ocrx_word' id='word_1_26' title='bbox 566 277 746 318; x_wconf 79' lang='lat' dir='ltr'>naufragia.</span> <span class='ocrx_word' id='word_1_27' title='bbox 786 277 846 308; x_wconf 86' lang='lat' dir='ltr'>has</span> <span class='ocrx_word' id='word_1_28' title='bbox 871 276 983 308; x_wconf 83' lang='lat' dir='ltr'>Vlixes</span> <span class='ocrx_word' id='word_1_29' title='bbox 1015 278 1247 309; x_wconf 85' lang='lat' dir='ltr'>contemnendo</span> <span class='ocrx_word' id='word_1_30' title='bbox 1278 278 1410 309; x_wconf 81' lang='lat' dir='ltr'>deduxit</span> <span class='ocrx_word' id='word_1_31' title='bbox 1439 278 1477 309; x_wconf 91' lang='lat' dir='ltr'>ad</span> 
     </span>
     <span class='ocr_line' id='line_1_5' title="bbox 200 330 1477 373; baseline -0.002 -9"><span class='ocrx_word' id='word_1_32' title='bbox 200 334 347 364; x_wconf 81' lang='lat' dir='ltr'>mortem.</span> <span class='ocrx_word' id='word_1_33' title='bbox 394 330 573 363; x_wconf 75' lang='lat' dir='ltr'>‘Sirenum’</span> <span class='ocrx_word' id='word_1_34' title='bbox 603 332 712 362; x_wconf 87' lang='lat' dir='ltr'>autem</span> <span class='ocrx_word' id='word_1_35' title='bbox 736 330 904 373; x_wconf 74' lang='lat' dir='ltr'>genetivus</span> <span class='ocrx_word' id='word_1_36' title='bbox 928 331 1067 371; x_wconf 69' lang='lat' dir='ltr'>pluralis</span> <span class='ocrx_word' id='word_1_37' title='bbox 1096 333 1144 362; x_wconf 86' lang='lat' dir='ltr'>est</span> <span class='ocrx_word' id='word_1_38' title='bbox 1172 331 1303 363; x_wconf 84' lang='lat' dir='ltr'>veniens</span> <span class='ocrx_word' id='word_1_39' title='bbox 1331 332 1371 362; x_wconf 84' lang='lat' dir='ltr'>ab</span> <span class='ocrx_word' id='word_1_40' title='bbox 1402 331 1477 363; x_wconf 75' lang='lat' dir='ltr'>‘hac</span> 
     </span>
     <span class='ocr_line' id='line_1_6' title="bbox 200 385 336 417; baseline 0 0"><span class='ocrx_word' id='word_1_41' title='bbox 200 385 336 417; x_wconf 85' lang='lat' dir='ltr'>Sirene&#39;.</span> 
     </span>
    </p>

    <p class='ocr_par' dir='ltr' id='par_1_3' title="bbox 197 438 1478 576">
     <span class='ocr_line' id='line_1_7' title="bbox 288 438 1478 476; baseline 0 -6"><span class='ocrx_word' id='word_1_42' title='bbox 288 439 360 471; x_wconf 84' lang='lat'>866.</span> <span class='ocrx_word' id='word_1_43' title='bbox 400 447 471 470; x_wconf 83' lang='lat' dir='ltr'>TVM</span> <span class='ocrx_word' id='word_1_44' title='bbox 493 447 609 470; x_wconf 80' lang='lat' dir='ltr'>RAVCA</span> <span class='ocrx_word' id='word_1_45' title='bbox 634 449 670 470; x_wconf 86' lang='lat' dir='ltr'>ac</span> <span class='ocrx_word' id='word_1_46' title='bbox 695 438 723 469; x_wconf 90' lang='lat' dir='ltr'>si</span> <span class='ocrx_word' id='word_1_47' title='bbox 747 438 878 476; x_wconf 85' lang='lat' dir='ltr'>diceret,</span> <span class='ocrx_word' id='word_1_48' title='bbox 911 438 1048 469; x_wconf 87' lang='lat' dir='ltr'>antehac</span> <span class='ocrx_word' id='word_1_49' title='bbox 1077 438 1261 469; x_wconf 81' lang='lat' dir='ltr'>delectabili</span> <span class='ocrx_word' id='word_1_50' title='bbox 1292 450 1368 470; x_wconf 89' lang='lat' dir='ltr'>voce</span> <span class='ocrx_word' id='word_1_51' title='bbox 1392 449 1478 471; x_wconf 85' lang='lat' dir='ltr'>reso-</span> 
     </span>
     <span class='ocr_line' id='line_1_8' title="bbox 197 491 1474 533; baseline 0.001 -10"><span class='ocrx_word' id='word_1_52' title='bbox 197 492 332 533; x_wconf 83' lang='lat' dir='ltr'>nabant,</span> <span class='ocrx_word' id='word_1_53' title='bbox 361 494 438 523; x_wconf 89' lang='lat' dir='ltr'>tunc</span> <span class='ocrx_word' id='word_1_54' title='bbox 461 491 613 522; x_wconf 87' lang='lat' dir='ltr'>fluctibus</span> <span class='ocrx_word' id='word_1_55' title='bbox 639 491 726 522; x_wconf 89' lang='lat' dir='ltr'>solis.</span> <span class='ocrx_word' id='word_1_56' title='bbox 774 493 806 522; x_wconf 86' lang='lat' dir='ltr'>et</span> <span class='ocrx_word' id='word_1_57' title='bbox 829 491 911 522; x_wconf 90' lang='lat' dir='ltr'>bene</span> <span class='ocrx_word' id='word_1_58' title='bbox 935 491 1085 522; x_wconf 83' lang='lat' dir='ltr'>imitatus</span> <span class='ocrx_word' id='word_1_59' title='bbox 1111 494 1159 522; x_wconf 89' lang='lat' dir='ltr'>est</span> <span class='ocrx_word' id='word_1_60' title='bbox 1183 493 1280 523; x_wconf 84' lang='lat' dir='ltr'>maris</span> <span class='ocrx_word' id='word_1_61' title='bbox 1306 492 1474 524; x_wconf 86' lang='lat' dir='ltr'>stridorem</span> 
     </span>
     <span class='ocr_line' id='line_1_9' title="bbox 199 543 595 576; baseline 0 0"><span class='ocrx_word' id='word_1_62' title='bbox 199 543 283 576; x_wconf 76' lang='lat' dir='ltr'>‘sale</span> <span class='ocrx_word' id='word_1_63' title='bbox 309 556 386 576; x_wconf 81' lang='lat' dir='ltr'>saxa</span> <span class='ocrx_word' id='word_1_64' title='bbox 411 544 595 576; x_wconf 87' lang='lat' dir='ltr'>sonabant&#39;.</span> 
     </span>
    </p>

    <p class='ocr_par' dir='ltr' id='par_1_4' title="bbox 196 598 1477 694">
     <span class='ocr_line' id='line_1_10' title="bbox 286 598 1477 632; baseline 0.002 -3"><span class='ocrx_word' id='word_1_65' title='bbox 286 598 359 630; x_wconf 82' lang='lat'>867.</span> <span class='ocrx_word' id='word_1_66' title='bbox 397 606 520 630; x_wconf 78' lang='lat' dir='ltr'>Aimsso</span> <span class='ocrx_word' id='word_1_67' title='bbox 545 607 772 629; x_wconf 82' lang='lat' dir='ltr'><strong>FLVITANTEM</strong></span> <span class='ocrx_word' id='word_1_68' title='bbox 799 607 828 630; x_wconf 85' lang='lat' dir='ltr'>E.</span> <span class='ocrx_word' id='word_1_69' title='bbox 852 607 886 630; x_wconf 88' lang='lat' dir='ltr'>M.</span> <span class='ocrx_word' id='word_1_70' title='bbox 915 598 1062 629; x_wconf 80' lang='lat' dir='ltr'>naturale</span> <span class='ocrx_word' id='word_1_71' title='bbox 1091 598 1175 629; x_wconf 85' lang='lat' dir='ltr'>enim</span> <span class='ocrx_word' id='word_1_72' title='bbox 1205 601 1253 630; x_wconf 84' lang='lat' dir='ltr'>est</span> <span class='ocrx_word' id='word_1_73' title='bbox 1281 602 1316 631; x_wconf 84' lang='lat' dir='ltr'>ut</span> <span class='ocrx_word' id='word_1_74' title='bbox 1344 600 1477 632; x_wconf 84' lang='lat' dir='ltr'>fluctuet</span> 
     </span>
     <span class='ocr_line' id='line_1_11' title="bbox 196 651 631 694; baseline 0 -12"><span class='ocrx_word' id='word_1_75' title='bbox 196 651 289 682; x_wconf 84' lang='lat' dir='ltr'>navis</span> <span class='ocrx_word' id='word_1_76' title='bbox 314 651 382 683; x_wconf 88' lang='lat' dir='ltr'>sine</span> <span class='ocrx_word' id='word_1_77' title='bbox 407 652 631 694; x_wconf 81' lang='lat' dir='ltr'>gubernatore.</span> 
     </span>
    </p>

    <p class='ocr_par' dir='ltr' id='par_1_5' title="bbox 195 705 1476 801">
     <span class='ocr_line' id='line_1_12' title="bbox 285 705 1476 747; baseline 0.002 -11"><span class='ocrx_word' id='word_1_78' title='bbox 285 705 358 736; x_wconf 79' lang='lat'>868.</span> <span class='ocrx_word' id='word_1_79' title='bbox 395 713 593 737; x_wconf 83' lang='lat' dir='ltr'>NOCTVRNIS</span> <span class='ocrx_word' id='word_1_80' title='bbox 609 714 715 736; x_wconf 78' lang='lat' dir='ltr'><strong>REXIT</strong></span> <span class='ocrx_word' id='word_1_81' title='bbox 732 714 768 736; x_wconf 83' lang='lat' dir='ltr'>IN</span> <span class='ocrx_word' id='word_1_82' title='bbox 784 714 890 737; x_wconf 82' lang='lat' dir='ltr'>VND1s</span> <span class='ocrx_word' id='word_1_83' title='bbox 911 705 966 736; x_wconf 84' lang='lat' dir='ltr'>dat</span> <span class='ocrx_word' id='word_1_84' title='bbox 987 705 1015 737; x_wconf 88' lang='lat' dir='ltr'>ei</span> <span class='ocrx_word' id='word_1_85' title='bbox 1035 705 1096 737; x_wconf 82' lang='lat' dir='ltr'>hoe</span> <span class='ocrx_word' id='word_1_86' title='bbox 1117 707 1149 736; x_wconf 85' lang='lat' dir='ltr'>et</span> <span class='ocrx_word' id='word_1_87' title='bbox 1168 705 1201 736; x_wconf 84' lang='lat' dir='ltr'>in</span> <span class='ocrx_word' id='word_1_88' title='bbox 1217 706 1340 737; x_wconf 88' lang='lat' dir='ltr'>decimo</span> <span class='ocrx_word' id='word_1_89' title='bbox 1358 706 1476 747; x_wconf 74' lang='lat'>&lt;218&gt;,</span> 
     </span>
     <span class='ocr_line' id='line_1_13' title="bbox 195 758 1310 801; baseline 0.001 -12"><span class='ocrx_word' id='word_1_90' title='bbox 195 760 232 790; x_wconf 86' lang='lat' dir='ltr'>ut</span> <span class='ocrx_word' id='word_1_91' title='bbox 254 758 337 799; x_wconf 86' lang='lat' dir='ltr'>ipse</span> <span class='ocrx_word' id='word_1_92' title='bbox 362 759 497 790; x_wconf 89' lang='lat' dir='ltr'>sedens</span> <span class='ocrx_word' id='word_1_93' title='bbox 522 759 751 800; x_wconf 84' lang='lat' dir='ltr'>clavumque</span> <span class='ocrx_word' id='word_1_94' title='bbox 775 759 879 801; x_wconf 81' lang='lat' dir='ltr'>regit</span> <span class='ocrx_word' id='word_1_95' title='bbox 904 759 1078 800; x_wconf 85' lang='lat' dir='ltr'>velisque</span> <span class='ocrx_word' id='word_1_96' title='bbox 1103 759 1310 790; x_wconf 84' lang='lat' dir='ltr'>ministrat.</span> 
     </span>
    </p>

    <p class='ocr_par' dir='ltr' id='par_1_6' title="bbox 194 812 1477 906">
     <span class='ocr_line' id='line_1_14' title="bbox 285 812 1477 853; baseline 0.002 -10"><span class='ocrx_word' id='word_1_97' title='bbox 285 812 357 843; x_wconf 85' lang='lat'>869.</span> <span class='ocrx_word' id='word_1_98' title='bbox 394 821 514 843; x_wconf 82' lang='lat' dir='ltr'><strong>MVLTA</strong></span> <span class='ocrx_word' id='word_1_99' title='bbox 538 820 678 843; x_wconf 81' lang='lat' dir='ltr'>GEMENS</span> <span class='ocrx_word' id='word_1_100' title='bbox 703 823 820 843; x_wconf 91' lang='lat' dir='ltr'>nomen</span> <span class='ocrx_word' id='word_1_101' title='bbox 849 823 907 853; x_wconf 89' lang='lat' dir='ltr'>pro</span> <span class='ocrx_word' id='word_1_102' title='bbox 938 812 1105 844; x_wconf 83' lang='lat' dir='ltr'>adverbio:</span> <span class='ocrx_word' id='word_1_103' title='bbox 1139 812 1193 843; x_wconf 75' lang='lat' dir='ltr'>hoc</span> <span class='ocrx_word' id='word_1_104' title='bbox 1220 815 1263 844; x_wconf 70' lang='lat' dir='ltr'>est</span> <span class='ocrx_word' id='word_1_105' title='bbox 1290 813 1421 845; x_wconf 71' lang='lat' dir='ltr'>multum</span> <span class='ocrx_word' id='word_1_106' title='bbox 1449 817 1477 845; x_wconf 70' lang='lat' dir='ltr'>ct</span> 
     </span>
     <span class='ocr_line' id='line_1_15' title="bbox 194 865 1386 906; baseline 0.002 -10"><span class='ocrx_word' id='word_1_107' title='bbox 194 866 273 897; x_wconf 78' lang='lat' dir='ltr'>satis</span> <span class='ocrx_word' id='word_1_108' title='bbox 291 875 422 906; x_wconf 56' lang='lat' dir='ltr'>fimens.</span> <span class='ocrx_word' id='word_1_109' title='bbox 514 873 599 897; x_wconf 84' lang='lat' dir='ltr'>CAsv</span> <span class='ocrx_word' id='word_1_110' title='bbox 624 874 719 897; x_wconf 80' lang='lat' dir='ltr'>AMICI</span> <span class='ocrx_word' id='word_1_111' title='bbox 743 867 877 906; x_wconf 79' lang='lat' dir='ltr'>propter</span> <span class='ocrx_word' id='word_1_112' title='bbox 900 866 1028 897; x_wconf 85' lang='lat' dir='ltr'>ruinam</span> <span class='ocrx_word' id='word_1_113' title='bbox 1053 865 1173 897; x_wconf 83' lang='lat' dir='ltr'>adlusit</span> <span class='ocrx_word' id='word_1_114' title='bbox 1197 866 1236 897; x_wconf 84' lang='lat' dir='ltr'>ad</span> <span class='ocrx_word' id='word_1_115' title='bbox 1260 877 1386 898; x_wconf 86' lang='lat' dir='ltr'>nomen.</span> 
     </span>
    </p>

    <p class='ocr_par' dir='ltr' id='par_1_7' title="bbox 285 919 1453 960">
     <span class='ocr_line' id='line_1_16' title="bbox 285 919 1453 960; baseline 0.002 -10"><span class='ocrx_word' id='word_1_116' title='bbox 285 919 356 950; x_wconf 78' lang='lat'>870.</span> <span class='ocrx_word' id='word_1_117' title='bbox 394 927 530 950; x_wconf 81' lang='lat' dir='ltr'><strong>PELAGO</strong></span> <span class='ocrx_word' id='word_1_118' title='bbox 556 927 704 951; x_wconf 81' lang='lat' dir='ltr'>CONFISE</span> <span class='ocrx_word' id='word_1_119' title='bbox 728 919 789 950; x_wconf 89' lang='lat' dir='ltr'>hoc</span> <span class='ocrx_word' id='word_1_120' title='bbox 815 921 863 950; x_wconf 91' lang='lat' dir='ltr'>est</span> <span class='ocrx_word' id='word_1_121' title='bbox 890 919 973 960; x_wconf 90' lang='lat' dir='ltr'>quod</span> <span class='ocrx_word' id='word_1_122' title='bbox 998 930 1097 960; x_wconf 80' lang='lat' dir='ltr'>supra</span> <span class='ocrx_word' id='word_1_123' title='bbox 1116 919 1288 951; x_wconf 88' lang='lat' dir='ltr'>Palinurus</span> <span class='ocrx_word' id='word_1_124' title='bbox 1313 922 1453 953; x_wconf 81' lang='lat' dir='ltr'>excusat.</span> 
     </span>
    </p>

    <p class='ocr_par' dir='ltr' id='par_1_8' title="bbox 190 972 1476 1385">
     <span class='ocr_line' id='line_1_17' title="bbox 285 972 1476 1013; baseline 0.003 -11"><span class='ocrx_word' id='word_1_125' title='bbox 285 972 357 1003; x_wconf 80' lang='lat'>871.</span> <span class='ocrx_word' id='word_1_126' title='bbox 395 981 510 1004; x_wconf 83' lang='lat' dir='ltr'>NVDVS</span> <span class='ocrx_word' id='word_1_127' title='bbox 529 972 722 1013; x_wconf 84' lang='lat' dir='ltr'>insepultus,</span> <span class='ocrx_word' id='word_1_128' title='bbox 742 975 897 1003; x_wconf 73' lang='lat' dir='ltr'>mortuus:</span> <span class='ocrx_word' id='word_1_129' title='bbox 921 975 956 1003; x_wconf 74' lang='lat' dir='ltr'>ut</span> <span class='ocrx_word' id='word_1_130' title='bbox 974 974 1008 1003; x_wconf 80' lang='lat' dir='ltr'>et</span> <span class='ocrx_word' id='word_1_131' title='bbox 1023 972 1123 1012; x_wconf 66' lang='lat' dir='ltr'>freta</span> <span class='ocrx_word' id='word_1_132' title='bbox 1142 973 1344 1005; x_wconf 67' lang='lat' dir='ltr'>destituent</span> <span class='ocrx_word' id='word_1_133' title='bbox 1362 975 1476 1005; x_wconf 73' lang='lat' dir='ltr'>nudos</span> 
     </span>
     <span class='ocr_line' id='line_1_18' title="bbox 193 1025 1476 1068; baseline 0.002 -12"><span class='ocrx_word' id='word_1_134' title='bbox 193 1025 232 1056; x_wconf 57' lang='lat' dir='ltr'>‘in</span> <span class='ocrx_word' id='word_1_135' title='bbox 256 1025 365 1056; x_wconf 69' lang='lat' dir='ltr'>litore</span> <span class='ocrx_word' id='word_1_136' title='bbox 381 1025 513 1065; x_wconf 74' lang='lat' dir='ltr'>pisces.</span> <span class='ocrx_word' id='word_1_137' title='bbox 557 1026 682 1066; x_wconf 70' lang='lat' dir='ltr'>siwyula</span> <span class='ocrx_word' id='word_1_138' title='bbox 706 1028 807 1057; x_wconf 75' lang='lat' dir='ltr'>autem</span> <span class='ocrx_word' id='word_1_139' title='bbox 830 1026 952 1066; x_wconf 72' lang='lat' dir='ltr'>Zeyemla</span> <span class='ocrx_word' id='word_1_140' title='bbox 975 1029 1060 1064; x_wconf 75' lang='lat' dir='ltr'>sunt,</span> <span class='ocrx_word' id='word_1_141' title='bbox 1083 1029 1118 1057; x_wconf 76' lang='lat' dir='ltr'>ut</span> <span class='ocrx_word' id='word_1_142' title='bbox 1140 1027 1182 1057; x_wconf 81' lang='lat' dir='ltr'>ad</span> <span class='ocrx_word' id='word_1_143' title='bbox 1204 1027 1337 1058; x_wconf 79' lang='lat' dir='ltr'>dolorem</span> <span class='ocrx_word' id='word_1_144' title='bbox 1358 1028 1476 1068; x_wconf 70' lang='lat' dir='ltr'>yradus</span> 
     </span>
     <span class='ocr_line' id='line_1_19' title="bbox 196 1079 1474 1121; baseline 0.002 -12"><span class='ocrx_word' id='word_1_145' title='bbox 196 1079 284 1118; x_wconf 73' lang='lat' dir='ltr'>fiant.</span> <span class='ocrx_word' id='word_1_146' title='bbox 396 1087 528 1111; x_wconf 80' lang='lat' dir='ltr'>IGNOTA</span> <span class='ocrx_word' id='word_1_147' title='bbox 556 1079 740 1120; x_wconf 82' lang='lat' dir='ltr'>peregrina,</span> <span class='ocrx_word' id='word_1_148' title='bbox 769 1081 843 1110; x_wconf 85' lang='lat' dir='ltr'>ante</span> <span class='ocrx_word' id='word_1_149' title='bbox 861 1084 937 1110; x_wconf 75' lang='lat' dir='ltr'>&#39;non</span> <span class='ocrx_word' id='word_1_150' title='bbox 966 1079 1048 1110; x_wconf 84' lang='lat' dir='ltr'>visa:</span> <span class='ocrx_word' id='word_1_151' title='bbox 1081 1091 1156 1111; x_wconf 87' lang='lat' dir='ltr'>nam</span> <span class='ocrx_word' id='word_1_152' title='bbox 1186 1080 1219 1111; x_wconf 87' lang='lat' dir='ltr'>in</span> <span class='ocrx_word' id='word_1_153' title='bbox 1248 1082 1338 1111; x_wconf 81' lang='lat' dir='ltr'>sexto</span> <span class='ocrx_word' id='word_1_154' title='bbox 1368 1080 1474 1121; x_wconf 77' lang='lat'>(358)</span> 
     </span>
     <span class='ocr_line' id='line_1_20' title="bbox 198 1131 1474 1173; baseline 0.002 -11"><span class='ocrx_word' id='word_1_155' title='bbox 198 1131 342 1163; x_wconf 87' lang='lat' dir='ltr'>dicturus</span> <span class='ocrx_word' id='word_1_156' title='bbox 372 1134 422 1163; x_wconf 87' lang='lat' dir='ltr'>est</span> <span class='ocrx_word' id='word_1_157' title='bbox 449 1132 640 1173; x_wconf 83' lang='lat' dir='ltr'>paulatim</span> <span class='ocrx_word' id='word_1_158' title='bbox 673 1132 858 1163; x_wconf 82' lang='lat' dir='ltr'>adnabam</span> <span class='ocrx_word' id='word_1_159' title='bbox 891 1134 1032 1173; x_wconf 80' lang='lat' dir='ltr'>terrae,</span> <span class='ocrx_word' id='word_1_160' title='bbox 1065 1133 1137 1164; x_wconf 85' lang='lat' dir='ltr'>iam</span> <span class='ocrx_word' id='word_1_161' title='bbox 1172 1135 1255 1165; x_wconf 85' lang='lat' dir='ltr'>tuta</span> <span class='ocrx_word' id='word_1_162' title='bbox 1289 1134 1474 1165; x_wconf 84' lang='lat' dir='ltr'>tenebam.</span> 
     </span>
     <span class='ocr_line' id='line_1_21' title="bbox 195 1185 1473 1227; baseline 0.003 -11"><span class='ocrx_word' id='word_1_163' title='bbox 195 1185 359 1216; x_wconf 82' lang='lat' dir='ltr'>sciendum</span> <span class='ocrx_word' id='word_1_164' title='bbox 383 1196 459 1216; x_wconf 85' lang='lat' dir='ltr'>sane</span> <span class='ocrx_word' id='word_1_165' title='bbox 483 1185 621 1217; x_wconf 81' lang='lat' dir='ltr'>Tuccam</span> <span class='ocrx_word' id='word_1_166' title='bbox 646 1188 677 1216; x_wconf 89' lang='lat' dir='ltr'>et</span> <span class='ocrx_word' id='word_1_167' title='bbox 700 1185 836 1216; x_wconf 86' lang='lat' dir='ltr'>Varium</span> <span class='ocrx_word' id='word_1_168' title='bbox 862 1186 945 1217; x_wconf 89' lang='lat' dir='ltr'>hunc</span> <span class='ocrx_word' id='word_1_169' title='bbox 976 1186 1071 1217; x_wconf 86' lang='lat' dir='ltr'>finem</span> <span class='ocrx_word' id='word_1_170' title='bbox 1098 1187 1202 1227; x_wconf 85' lang='lat' dir='ltr'>quinti</span> <span class='ocrx_word' id='word_1_171' title='bbox 1227 1199 1296 1218; x_wconf 86' lang='lat' dir='ltr'>esse</span> <span class='ocrx_word' id='word_1_172' title='bbox 1320 1188 1473 1221; x_wconf 80' lang='lat' dir='ltr'>voluisse:</span> 
     </span>
     <span class='ocr_line' id='line_1_22' title="bbox 190 1237 1471 1280; baseline 0.003 -11"><span class='ocrx_word' id='word_1_173' title='bbox 190 1249 265 1269; x_wconf 89' lang='lat' dir='ltr'>nam</span> <span class='ocrx_word' id='word_1_174' title='bbox 290 1249 308 1269; x_wconf 88' lang='lat' dir='ltr'>a</span> <span class='ocrx_word' id='word_1_175' title='bbox 331 1237 479 1280; x_wconf 83' lang='lat' dir='ltr'>Vergilio</span> <span class='ocrx_word' id='word_1_176' title='bbox 505 1239 566 1269; x_wconf 93' lang='lat' dir='ltr'>duo</span> <span class='ocrx_word' id='word_1_177' title='bbox 591 1250 702 1270; x_wconf 85' lang='lat' dir='ltr'>versus</span> <span class='ocrx_word' id='word_1_178' title='bbox 728 1240 898 1280; x_wconf 84' lang='lat' dir='ltr'>sequentes</span> <span class='ocrx_word' id='word_1_179' title='bbox 929 1239 1003 1271; x_wconf 88' lang='lat' dir='ltr'>huic</span> <span class='ocrx_word' id='word_1_180' title='bbox 1028 1239 1128 1271; x_wconf 89' lang='lat' dir='ltr'>iuncti</span> <span class='ocrx_word' id='word_1_181' title='bbox 1160 1242 1303 1272; x_wconf 81' lang='lat' dir='ltr'>fuerunt:</span> <span class='ocrx_word' id='word_1_182' title='bbox 1332 1242 1414 1273; x_wconf 88' lang='lat' dir='ltr'>unde</span> <span class='ocrx_word' id='word_1_183' title='bbox 1439 1243 1471 1274; x_wconf 85' lang='lat' dir='ltr'>in</span> 
     </span>
     <span class='ocr_line' id='line_1_23' title="bbox 190 1291 1470 1338; baseline 0.004 -16"><span class='ocrx_word' id='word_1_184' title='bbox 190 1302 255 1323; x_wconf 92' lang='lat' dir='ltr'>non</span> <span class='ocrx_word' id='word_1_185' title='bbox 278 1291 375 1323; x_wconf 87' lang='lat' dir='ltr'>nullis</span> <span class='ocrx_word' id='word_1_186' title='bbox 401 1292 542 1333; x_wconf 85' lang='lat' dir='ltr'>antiquis</span> <span class='ocrx_word' id='word_1_187' title='bbox 567 1292 730 1324; x_wconf 79' lang='lat' dir='ltr'>codicibus</span> <span class='ocrx_word' id='word_1_188' title='bbox 756 1292 839 1323; x_wconf 78' lang='lat' dir='ltr'>sexti</span> <span class='ocrx_word' id='word_1_189' title='bbox 863 1293 995 1324; x_wconf 81' lang='lat' dir='ltr'>initium</span> <span class='ocrx_word' id='word_1_190' title='bbox 1020 1295 1069 1324; x_wconf 79' lang='lat' dir='ltr'>est</span> <span class='ocrx_word' id='word_1_191' title='bbox 1094 1294 1305 1326; x_wconf 85' lang='lat' dir='ltr'>obvertunt</span> <span class='ocrx_word' id='word_1_192' title='bbox 1333 1295 1470 1338; x_wconf 82' lang='lat' dir='ltr'>pelago</span> 
     </span>
     <span class='ocr_line' id='line_1_24' title="bbox 191 1345 744 1385; baseline 0.004 -10"><span class='ocrx_word' id='word_1_193' title='bbox 191 1355 340 1385; x_wconf 84' lang='lat' dir='ltr'>proras,</span> <span class='ocrx_word' id='word_1_194' title='bbox 364 1347 443 1376; x_wconf 89' lang='lat' dir='ltr'>tum</span> <span class='ocrx_word' id='word_1_195' title='bbox 468 1345 582 1377; x_wconf 89' lang='lat' dir='ltr'>dente</span> <span class='ocrx_word' id='word_1_196' title='bbox 606 1346 744 1377; x_wconf 87' lang='lat' dir='ltr'>tenaci.</span> 
     </span>
    </p>
   </div>
   <div class='ocr_carea' id='block_1_3' title="bbox 194 1407 403 1412">
    <p class='ocr_par' dir='ltr' id='par_1_9' title="bbox 194 1407 403 1412">
     <span class='ocr_line' id='line_1_25' title="bbox 194 1407 403 1412; baseline 0 0"><span class='ocrx_word' id='word_1_197' title='bbox 194 1407 403 1412; x_wconf 95' lang='lat' dir='ltr'> </span> 
     </span>
    </p>
   </div>
   <div class='ocr_carea' id='block_1_4' title="bbox 266 1441 617 1476">
    <p class='ocr_par' dir='ltr' id='par_1_10' title="bbox 266 1441 617 1476">
     <span class='ocr_line' id='line_1_26' title="bbox 266 1441 617 1476; baseline 0.003 -9"><span class='ocrx_word' id='word_1_198' title='bbox 266 1444 297 1467; x_wconf 80' lang='lat'>16</span> <span class='ocrx_word' id='word_1_199' title='bbox 318 1442 346 1467; x_wconf 86' lang='lat' dir='ltr'>et</span> <span class='ocrx_word' id='word_1_200' title='bbox 363 1441 446 1476; x_wconf 81' lang='lat' dir='ltr'>freta]</span> <span class='ocrx_word' id='word_1_201' title='bbox 471 1442 532 1468; x_wconf 76' lang='lat' dir='ltr'>bue.</span> <span class='ocrx_word' id='word_1_202' title='bbox 552 1442 565 1467; x_wconf 85' lang='grc' dir='ltr'>Ι</span> <span class='ocrx_word' id='word_1_203' title='bbox 585 1444 617 1468; x_wconf 87' lang='grc'>60</span> 
     </span>
    </p>
   </div>
   <div class='ocr_carea' id='block_1_5' title="bbox 194 1497 405 1501">
    <p class='ocr_par' dir='ltr' id='par_1_11' title="bbox 194 1497 405 1501">
     <span class='ocr_line' id='line_1_27' title="bbox 194 1497 405 1501; baseline 0 0"><span class='ocrx_word' id='word_1_204' title='bbox 194 1497 405 1501; x_wconf 95' lang='lat' dir='ltr'> </span> 
     </span>
    </p>
   </div>
   <div class='ocr_carea' id='block_1_6' title="bbox 189 1530 1470 1886">
    <p class='ocr_par' dir='ltr' id='par_1_12' title="bbox 189 1530 1470 1886">
     <span class='ocr_line' id='line_1_28' title="bbox 265 1530 1470 1567; baseline 0.004 -11"><span class='ocrx_word' id='word_1_205' title='bbox 265 1534 278 1556; x_wconf 98' lang='grc'>1</span> <span class='ocrx_word' id='word_1_206' title='bbox 299 1532 381 1557; x_wconf 84' lang='lat' dir='ltr'>cantu</span> <span class='ocrx_word' id='word_1_207' title='bbox 400 1530 441 1565; x_wconf 83' lang='lat' dir='ltr'>in]</span> <span class='ocrx_word' id='word_1_208' title='bbox 463 1531 565 1557; x_wconf 76' lang='lat' dir='ltr'>eamtui</span> <span class='ocrx_word' id='word_1_209' title='bbox 587 1531 608 1557; x_wconf 81' lang='lat' dir='ltr'><em>C</em></span> <span class='ocrx_word' id='word_1_210' title='bbox 625 1532 634 1565; x_wconf 76' lang='lat' dir='ltr'>ll</span> <span class='ocrx_word' id='word_1_211' title='bbox 658 1531 845 1565; x_wconf 80' lang='lat' dir='ltr'>deducebant]</span> <span class='ocrx_word' id='word_1_212' title='bbox 865 1532 999 1558; x_wconf 87' lang='lat' dir='ltr'>tenebant</span> <span class='ocrx_word' id='word_1_213' title='bbox 1019 1532 1042 1558; x_wconf 85' lang='lat' dir='ltr'><strong><em>C</em></strong></span> <span class='ocrx_word' id='word_1_214' title='bbox 1057 1533 1066 1566; x_wconf 73' lang='grc' dir='ltr'>ΙΙ</span> <span class='ocrx_word' id='word_1_215' title='bbox 1090 1536 1104 1558; x_wconf 81' lang='lat'>2</span> <span class='ocrx_word' id='word_1_216' title='bbox 1126 1533 1208 1567; x_wconf 91' lang='lat' dir='ltr'>quae]</span> <span class='ocrx_word' id='word_1_217' title='bbox 1230 1533 1310 1566; x_wconf 84' lang='lat' dir='ltr'>quiae</span> <span class='ocrx_word' id='word_1_218' title='bbox 1333 1533 1379 1567; x_wconf 75' lang='lat'>011</span> <span class='ocrx_word' id='word_1_219' title='bbox 1403 1543 1470 1567; x_wconf 90' lang='lat' dir='ltr'>quo-</span> 
     </span>
     <span class='ocr_line' id='line_1_29' title="bbox 194 1565 1469 1602; baseline 0.003 -10"><span class='ocrx_word' id='word_1_220' title='bbox 194 1565 282 1601; x_wconf 84' lang='lat' dir='ltr'>niam]</span> <span class='ocrx_word' id='word_1_221' title='bbox 304 1575 372 1599; x_wconf 87' lang='lat' dir='ltr'>quos</span> <span class='ocrx_word' id='word_1_222' title='bbox 389 1566 411 1592; x_wconf 82' lang='lat' dir='ltr'><em>C</em></span> <span class='ocrx_word' id='word_1_223' title='bbox 423 1568 432 1600; x_wconf 79' lang='grc' dir='ltr'>ΙΙ</span> <span class='ocrx_word' id='word_1_224' title='bbox 446 1570 461 1592; x_wconf 85' lang='grc'><strong>3</strong></span> <span class='ocrx_word' id='word_1_225' title='bbox 475 1566 696 1600; x_wconf 87' lang='lat' dir='ltr'>contempnendo</span> <span class='ocrx_word' id='word_1_226' title='bbox 716 1567 788 1592; x_wconf 77' lang='grc' dir='ltr'>ΝΜ</span> <span class='ocrx_word' id='word_1_227' title='bbox 801 1568 810 1600; x_wconf 66' lang='grc' dir='ltr'>ΙΙ</span> <span class='ocrx_word' id='word_1_228' title='bbox 825 1567 952 1602; x_wconf 76' lang='lat' dir='ltr'>deduxit]</span> <span class='ocrx_word' id='word_1_229' title='bbox 973 1568 1065 1602; x_wconf 82' lang='lat' dir='ltr'>coegit</span> <span class='ocrx_word' id='word_1_230' title='bbox 1081 1568 1124 1602; x_wconf 74' lang='lat'>011</span> <span class='ocrx_word' id='word_1_231' title='bbox 1139 1572 1154 1594; x_wconf 91' lang='grc'>4</span> <span class='ocrx_word' id='word_1_232' title='bbox 1170 1568 1232 1602; x_wconf 85' lang='lat' dir='ltr'>hac]</span> <span class='ocrx_word' id='word_1_233' title='bbox 1250 1578 1266 1594; x_wconf 87' lang='lat' dir='ltr'>a</span> <span class='ocrx_word' id='word_1_234' title='bbox 1280 1569 1313 1594; x_wconf 76' lang='lat' dir='ltr'><em>N</em></span> <span class='ocrx_word' id='word_1_235' title='bbox 1333 1569 1370 1595; x_wconf 89' lang='lat' dir='ltr'>ha</span> <span class='ocrx_word' id='word_1_236' title='bbox 1385 1570 1415 1595; x_wconf 90' lang='lat' dir='ltr'><em>H</em></span> <span class='ocrx_word' id='word_1_237' title='bbox 1437 1579 1469 1596; x_wconf 88' lang='lat' dir='ltr'>ac</span> 
     </span>
     <span class='ocr_line' id='line_1_30' title="bbox 190 1602 1446 1639; baseline 0.003 -12"><span class='ocrx_word' id='word_1_238' title='bbox 190 1610 209 1627; x_wconf 67' lang='lat' dir='ltr'>oz</span> <span class='ocrx_word' id='word_1_239' title='bbox 222 1603 231 1635; x_wconf 75' lang='lat' dir='ltr'>u</span> <span class='ocrx_word' id='word_1_240' title='bbox 246 1605 260 1627; x_wconf 84' lang='grc'><strong>6</strong></span> <span class='ocrx_word' id='word_1_241' title='bbox 277 1603 342 1628; x_wconf 84' lang='lat' dir='ltr'>ante</span> <span class='ocrx_word' id='word_1_242' title='bbox 357 1602 411 1628; x_wconf 87' lang='lat' dir='ltr'>huc</span> <span class='ocrx_word' id='word_1_243' title='bbox 426 1602 455 1627; x_wconf 88' lang='lat' dir='ltr'><em>F</em></span> <span class='ocrx_word' id='word_1_244' title='bbox 467 1603 476 1635; x_wconf 78' lang='lat' dir='ltr'>H</span> <span class='ocrx_word' id='word_1_245' title='bbox 490 1602 558 1629; x_wconf 73' lang='lat' dir='ltr'>uoce</span> <span class='ocrx_word' id='word_1_246' title='bbox 574 1602 607 1628; x_wconf 87' lang='lat' dir='ltr'><strong><em>H</em></strong></span> <span class='ocrx_word' id='word_1_247' title='bbox 618 1603 626 1635; x_wconf 92' lang='grc' dir='ltr'>ΙΙ</span> <span class='ocrx_word' id='word_1_248' title='bbox 642 1605 656 1628; x_wconf 79' lang='grc'>’7</span> <span class='ocrx_word' id='word_1_249' title='bbox 676 1602 787 1628; x_wconf 84' lang='lat' dir='ltr'>fletibus</span> <span class='ocrx_word' id='word_1_250' title='bbox 803 1603 839 1628; x_wconf 83' lang='lat' dir='ltr'><strong><em>M</em></strong></span> <span class='ocrx_word' id='word_1_251' title='bbox 851 1604 860 1636; x_wconf 76' lang='lat' dir='ltr'>ss</span> <span class='ocrx_word' id='word_1_252' title='bbox 876 1606 907 1628; x_wconf 90' lang='lat'>11</span> <span class='ocrx_word' id='word_1_253' title='bbox 928 1603 977 1629; x_wconf 87' lang='lat' dir='ltr'>dat</span> <span class='ocrx_word' id='word_1_254' title='bbox 992 1603 1029 1638; x_wconf 88' lang='lat' dir='ltr'>ei]</span> <span class='ocrx_word' id='word_1_255' title='bbox 1050 1604 1139 1630; x_wconf 82' lang='lat' dir='ltr'>ratem</span> <span class='ocrx_word' id='word_1_256' title='bbox 1159 1604 1187 1629; x_wconf 92' lang='lat' dir='ltr'>in</span> <span class='ocrx_word' id='word_1_257' title='bbox 1204 1604 1226 1629; x_wconf 88' lang='lat' dir='ltr'><strong><em>C</em></strong></span> <span class='ocrx_word' id='word_1_258' title='bbox 1237 1605 1246 1637; x_wconf 86' lang='grc' dir='ltr'>ΙΙ</span> <span class='ocrx_word' id='word_1_259' title='bbox 1263 1607 1294 1630; x_wconf 77' lang='lat'>12</span> <span class='ocrx_word' id='word_1_260' title='bbox 1314 1605 1357 1639; x_wconf 88' lang='lat' dir='ltr'>ut]</span> <span class='ocrx_word' id='word_1_261' title='bbox 1379 1606 1407 1631; x_wconf 87' lang='lat' dir='ltr'>et</span> <span class='ocrx_word' id='word_1_262' title='bbox 1422 1606 1446 1631; x_wconf 90' lang='lat' dir='ltr'><em>L</em></span> 
     </span>
     <span class='ocr_line' id='line_1_31' title="bbox 192 1637 1467 1673; baseline 0.004 -11"><span class='ocrx_word' id='word_1_263' title='bbox 192 1640 222 1663; x_wconf 86' lang='lat'>13</span> <span class='ocrx_word' id='word_1_264' title='bbox 243 1637 361 1663; x_wconf 84' lang='lat' dir='ltr'>multum</span> <span class='ocrx_word' id='word_1_265' title='bbox 382 1657 387 1662; x_wconf 95' lang='lat'>.</span> <span class='ocrx_word' id='word_1_266' title='bbox 409 1658 414 1662; x_wconf 95' lang='lat'>.</span> <span class='ocrx_word' id='word_1_267' title='bbox 435 1658 440 1663; x_wconf 92' lang='lat'>.</span> <span class='ocrx_word' id='word_1_268' title='bbox 461 1646 573 1671; x_wconf 87' lang='lat' dir='ltr'>gemens</span> <span class='ocrx_word' id='word_1_269' title='bbox 593 1638 653 1664; x_wconf 79' lang='lat' dir='ltr'>hab.</span> <span class='ocrx_word' id='word_1_270' title='bbox 675 1637 708 1669; x_wconf 82' lang='lat' dir='ltr'>C,</span> <span class='ocrx_word' id='word_1_271' title='bbox 728 1646 778 1671; x_wconf 87' lang='lat' dir='ltr'>pro</span> <span class='ocrx_word' id='word_1_272' title='bbox 798 1638 916 1664; x_wconf 88' lang='lat' dir='ltr'>multum</span> <span class='ocrx_word' id='word_1_273' title='bbox 937 1660 941 1665; x_wconf 90' lang='lat'>.</span> <span class='ocrx_word' id='word_1_274' title='bbox 964 1661 968 1665; x_wconf 93' lang='lat'>.</span> <span class='ocrx_word' id='word_1_275' title='bbox 991 1660 995 1664; x_wconf 97' lang='lat'>.</span> <span class='ocrx_word' id='word_1_276' title='bbox 1017 1648 1131 1672; x_wconf 83' lang='lat' dir='ltr'>gemens</span> <span class='ocrx_word' id='word_1_277' title='bbox 1153 1640 1188 1665; x_wconf 84' lang='lat' dir='ltr'><em>M</em></span> <span class='ocrx_word' id='word_1_278' title='bbox 1201 1641 1210 1673; x_wconf 80' lang='grc' dir='ltr'>ΙΙ</span> <span class='ocrx_word' id='word_1_279' title='bbox 1233 1642 1265 1665; x_wconf 86' lang='grc'>14</span> <span class='ocrx_word' id='word_1_280' title='bbox 1285 1642 1399 1673; x_wconf 82' lang='lat' dir='ltr'>propter</span> <span class='ocrx_word' id='word_1_281' title='bbox 1418 1661 1423 1666; x_wconf 90' lang='lat'>.</span> <span class='ocrx_word' id='word_1_282' title='bbox 1440 1662 1445 1667; x_wconf 90' lang='lat'>.</span> <span class='ocrx_word' id='word_1_283' title='bbox 1463 1663 1467 1667; x_wconf 91' lang='lat'>.</span> 
     </span>
     <span class='ocr_line' id='line_1_32' title="bbox 190 1673 1468 1709; baseline 0.003 -11"><span class='ocrx_word' id='word_1_284' title='bbox 190 1673 303 1707; x_wconf 85' lang='lat' dir='ltr'>nomen]</span> <span class='ocrx_word' id='word_1_285' title='bbox 324 1673 427 1699; x_wconf 83' lang='lat' dir='ltr'>adlusit</span> <span class='ocrx_word' id='word_1_286' title='bbox 445 1675 559 1706; x_wconf 87' lang='lat' dir='ltr'>propter</span> <span class='ocrx_word' id='word_1_287' title='bbox 578 1673 686 1699; x_wconf 86' lang='lat' dir='ltr'>ruinam</span> <span class='ocrx_word' id='word_1_288' title='bbox 705 1673 799 1700; x_wconf 86' lang='lat' dir='ltr'>dicens</span> <span class='ocrx_word' id='word_1_289' title='bbox 820 1682 912 1700; x_wconf 83' lang='lat' dir='ltr'>casum</span> <span class='ocrx_word' id='word_1_290' title='bbox 934 1674 956 1700; x_wconf 78' lang='lat' dir='ltr'><strong><em>C</em></strong></span> <span class='ocrx_word' id='word_1_291' title='bbox 968 1675 977 1707; x_wconf 78' lang='grc' dir='ltr'>ΙΙ</span> <span class='ocrx_word' id='word_1_292' title='bbox 993 1677 1024 1700; x_wconf 86' lang='grc'>16</span> <span class='ocrx_word' id='word_1_293' title='bbox 1046 1676 1170 1701; x_wconf 86' lang='lat' dir='ltr'>mortuus</span> <span class='ocrx_word' id='word_1_294' title='bbox 1254 1675 1344 1708; x_wconf 86' lang='lat' dir='ltr'>pisces</span> <span class='ocrx_word' id='word_1_295' title='bbox 1363 1677 1422 1703; x_wconf 76' lang='lat' dir='ltr'>hab.</span> <span class='ocrx_word' id='word_1_296' title='bbox 1439 1678 1468 1709; x_wconf 80' lang='lat' dir='ltr'>C,</span> 
     </span>
     <span class='ocr_line' id='line_1_33' title="bbox 191 1708 1467 1745; baseline 0.001 -11"><span class='ocrx_word' id='word_1_297' title='bbox 191 1708 340 1734; x_wconf 85' lang='lat' dir='ltr'>moriturus</span> <span class='ocrx_word' id='word_1_298' title='bbox 360 1709 391 1734; x_wconf 73' lang='lat' dir='ltr'>in</span> <span class='ocrx_word' id='word_1_299' title='bbox 405 1709 455 1734; x_wconf 79' lang='lat' dir='ltr'>Iac.</span> <span class='ocrx_word' id='word_1_300' title='bbox 471 1709 534 1734; x_wconf 78' lang='lat' dir='ltr'>add.</span> <span class='ocrx_word' id='word_1_301' title='bbox 550 1717 573 1734; x_wconf 82' lang='lat' dir='ltr'>m</span> <span class='ocrx_word' id='word_1_302' title='bbox 589 1710 597 1741; x_wconf 84' lang='grc' dir='ltr'>ΙΙ</span> <span class='ocrx_word' id='word_1_303' title='bbox 614 1712 645 1734; x_wconf 87' lang='grc'>17</span> <span class='ocrx_word' id='word_1_304' title='bbox 665 1708 776 1743; x_wconf 82' lang='lat' dir='ltr'>singula</span> <span class='ocrx_word' id='word_1_305' title='bbox 790 1731 795 1735; x_wconf 95' lang='lat'>.</span> <span class='ocrx_word' id='word_1_306' title='bbox 809 1731 831 1735; x_wconf 91' lang='lat'>..</span> <span class='ocrx_word' id='word_1_307' title='bbox 848 1709 916 1735; x_wconf 83' lang='lat' dir='ltr'>fiant</span> <span class='ocrx_word' id='word_1_308' title='bbox 934 1718 989 1735; x_wconf 70' lang='lat' dir='ltr'>ozon</span> <span class='ocrx_word' id='word_1_309' title='bbox 1008 1710 1094 1735; x_wconf 62' lang='lat' dir='ltr'>edidit</span> <span class='ocrx_word' id='word_1_310' title='bbox 1108 1710 1218 1736; x_wconf 65' lang='lat' dir='ltr'>Daniel.</span> <span class='ocrx_word' id='word_1_311' title='bbox 1248 1711 1349 1744; x_wconf 78' lang='lat' dir='ltr'>gradus</span> <span class='ocrx_word' id='word_1_312' title='bbox 1369 1713 1467 1745; x_wconf 73' lang='lat' dir='ltr'>scripsi</span> 
     </span>
     <span class='ocr_line' id='line_1_34' title="bbox 189 1743 1467 1780; baseline 0.003 -11"><span class='ocrx_word' id='word_1_313' title='bbox 189 1751 241 1777; x_wconf 85' lang='lat' dir='ltr'>pro</span> <span class='ocrx_word' id='word_1_314' title='bbox 259 1745 364 1777; x_wconf 85' lang='lat' dir='ltr'>gratus.</span> <span class='ocrx_word' id='word_1_315' title='bbox 404 1743 575 1770; x_wconf 69' lang='lat' dir='ltr'>cassellanus</span> <span class='ocrx_word' id='word_1_316' title='bbox 589 1752 643 1777; x_wconf 76' lang='lat' dir='ltr'>pro</span> <span class='ocrx_word' id='word_1_317' title='bbox 662 1745 703 1770; x_wconf 79' lang='lat' dir='ltr'>his</span> <span class='ocrx_word' id='word_1_318' title='bbox 718 1747 781 1778; x_wconf 76' lang='lat' dir='ltr'>post</span> <span class='ocrx_word' id='word_1_319' title='bbox 801 1745 900 1778; x_wconf 82' lang='lat' dir='ltr'>Ignota</span> <span class='ocrx_word' id='word_1_320' title='bbox 918 1746 982 1771; x_wconf 77' lang='lat' dir='ltr'>haee</span> <span class='ocrx_word' id='word_1_321' title='bbox 998 1746 1110 1778; x_wconf 76' lang='lat' dir='ltr'>praebet</span> <span class='ocrx_word' id='word_1_322' title='bbox 1133 1746 1224 1779; x_wconf 84' lang='lat' dir='ltr'>sigula</span> <span class='ocrx_word' id='word_1_323' title='bbox 1248 1748 1343 1772; x_wconf 83' lang='lat' dir='ltr'>autem</span> <span class='ocrx_word' id='word_1_324' title='bbox 1367 1747 1467 1780; x_wconf 86' lang='lat' dir='ltr'>legend</span> 
     </span>
     <span class='ocr_line' id='line_1_35' title="bbox 190 1779 1467 1815; baseline 0.003 -11"><span class='ocrx_word' id='word_1_325' title='bbox 190 1780 221 1804; x_wconf 91' lang='lat' dir='ltr'>ut</span> <span class='ocrx_word' id='word_1_326' title='bbox 240 1779 276 1805; x_wconf 87' lang='lat' dir='ltr'>ad</span> <span class='ocrx_word' id='word_1_327' title='bbox 295 1779 419 1805; x_wconf 88' lang='lat' dir='ltr'>dolorem</span> <span class='ocrx_word' id='word_1_328' title='bbox 438 1780 571 1805; x_wconf 82' lang='lat' dir='ltr'>moueant</span> <span class='ocrx_word' id='word_1_329' title='bbox 590 1781 696 1806; x_wconf 90' lang='lat' dir='ltr'>mentes</span> <span class='ocrx_word' id='word_1_330' title='bbox 716 1780 889 1806; x_wconf 83' lang='lat' dir='ltr'>audientium</span> <span class='ocrx_word' id='word_1_331' title='bbox 903 1782 912 1814; x_wconf 79' lang='grc' dir='ltr'>ΙΙ</span> <span class='ocrx_word' id='word_1_332' title='bbox 929 1783 959 1806; x_wconf 87' lang='grc'><strong>18</strong></span> <span class='ocrx_word' id='word_1_333' title='bbox 975 1783 1040 1807; x_wconf 87' lang='lat' dir='ltr'>ante</span> <span class='ocrx_word' id='word_1_334' title='bbox 1055 1789 1110 1807; x_wconf 89' lang='lat' dir='ltr'>non</span> <span class='ocrx_word' id='word_1_335' title='bbox 1125 1781 1185 1807; x_wconf 79' lang='lat' dir='ltr'>visa</span> <span class='ocrx_word' id='word_1_336' title='bbox 1200 1790 1249 1807; x_wconf 82' lang='lat' dir='ltr'>om.</span> <span class='ocrx_word' id='word_1_337' title='bbox 1261 1782 1293 1807; x_wconf 89' lang='lat' dir='ltr'><em>H</em></span> <span class='ocrx_word' id='word_1_338' title='bbox 1304 1782 1313 1815; x_wconf 75' lang='lat' dir='ltr'>ss</span> <span class='ocrx_word' id='word_1_339' title='bbox 1330 1784 1361 1808; x_wconf 87' lang='grc'>19</span> <span class='ocrx_word' id='word_1_340' title='bbox 1377 1782 1467 1808; x_wconf 83' lang='lat' dir='ltr'>dictus</span> 
     </span>
     <span class='ocr_line' id='line_1_36' title="bbox 190 1814 1466 1849; baseline 0.003 -9"><span class='ocrx_word' id='word_1_341' title='bbox 190 1814 225 1846; x_wconf 90' lang='lat' dir='ltr'>L,</span> <span class='ocrx_word' id='word_1_342' title='bbox 244 1822 311 1841; x_wconf 75' lang='lat' dir='ltr'>corr.</span> <span class='ocrx_word' id='word_1_343' title='bbox 324 1815 332 1840; x_wconf 87' lang='grc' dir='ltr'><em>ῖ</em></span> <span class='ocrx_word' id='word_1_344' title='bbox 346 1815 355 1848; x_wconf 81' lang='grc' dir='ltr'>ΙΙ</span> <span class='ocrx_word' id='word_1_345' title='bbox 369 1814 425 1840; x_wconf 84' lang='lat' dir='ltr'>iam</span> <span class='ocrx_word' id='word_1_346' title='bbox 444 1816 506 1841; x_wconf 85' lang='lat' dir='ltr'>tuta</span> <span class='ocrx_word' id='word_1_347' title='bbox 525 1815 654 1841; x_wconf 82' lang='lat' dir='ltr'>tenebam</span> <span class='ocrx_word' id='word_1_348' title='bbox 675 1815 697 1841; x_wconf 84' lang='lat'><em>0</em></span> <span class='ocrx_word' id='word_1_349' title='bbox 724 1815 779 1841; x_wconf 84' lang='lat' dir='ltr'>iam</span> <span class='ocrx_word' id='word_1_350' title='bbox 799 1817 818 1841; x_wconf 90' lang='lat' dir='ltr'>t.</span> <span class='ocrx_word' id='word_1_351' title='bbox 838 1817 968 1842; x_wconf 87' lang='lat' dir='ltr'>tenebam</span> <span class='ocrx_word' id='word_1_352' title='bbox 989 1816 1054 1841; x_wconf 87' lang='lat' dir='ltr'>LH</span> <span class='ocrx_word' id='word_1_353' title='bbox 1059 1817 1095 1842; x_wconf 85' lang='lat' dir='ltr'><strong><em>M</em></strong></span> <span class='ocrx_word' id='word_1_354' title='bbox 1120 1816 1231 1849; x_wconf 85' lang='lat' dir='ltr'>iamque</span> <span class='ocrx_word' id='word_1_355' title='bbox 1251 1825 1318 1843; x_wconf 86' lang='lat' dir='ltr'>arva</span> <span class='ocrx_word' id='word_1_356' title='bbox 1336 1818 1466 1844; x_wconf 84' lang='lat' dir='ltr'>tenebam</span> 
     </span>
     <span class='ocr_line' id='line_1_37' title="bbox 189 1850 1466 1886; baseline 0.003 -11"><span class='ocrx_word' id='word_1_357' title='bbox 189 1850 268 1883; x_wconf 72' lang='lat' dir='ltr'>vulyo</span> <span class='ocrx_word' id='word_1_358' title='bbox 282 1851 291 1883; x_wconf 75' lang='grc' dir='ltr'>ΙΙ</span> <span class='ocrx_word' id='word_1_359' title='bbox 313 1853 346 1876; x_wconf 81' lang='lat'>20</span> <span class='ocrx_word' id='word_1_360' title='bbox 365 1858 463 1876; x_wconf 87' lang='lat' dir='ltr'>uarum</span> <span class='ocrx_word' id='word_1_361' title='bbox 484 1850 541 1876; x_wconf 86' lang='lat' dir='ltr'>GN</span> <span class='ocrx_word' id='word_1_362' title='bbox 545 1851 581 1876; x_wconf 88' lang='lat' dir='ltr'><em>M</em></span> <span class='ocrx_word' id='word_1_363' title='bbox 606 1859 718 1877; x_wconf 83' lang='lat' dir='ltr'>narrum</span> <span class='ocrx_word' id='word_1_364' title='bbox 737 1851 761 1876; x_wconf 93' lang='lat' dir='ltr'><em>L</em></span> <span class='ocrx_word' id='word_1_365' title='bbox 790 1859 884 1877; x_wconf 86' lang='lat' dir='ltr'>uaram</span> <span class='ocrx_word' id='word_1_366' title='bbox 910 1854 933 1877; x_wconf 84' lang='lat' dir='ltr'><em>H</em></span> <span class='ocrx_word' id='word_1_367' title='bbox 947 1853 956 1885; x_wconf 86' lang='grc' dir='ltr'>ΙΙ</span> <span class='ocrx_word' id='word_1_368' title='bbox 974 1852 1060 1886; x_wconf 84' lang='lat' dir='ltr'>hunc]</span> <span class='ocrx_word' id='word_1_369' title='bbox 1080 1852 1149 1878; x_wconf 88' lang='lat' dir='ltr'>bunt</span> <span class='ocrx_word' id='word_1_370' title='bbox 1168 1852 1200 1878; x_wconf 91' lang='lat' dir='ltr'><em>H</em></span> <span class='ocrx_word' id='word_1_371' title='bbox 1212 1854 1220 1885; x_wconf 83' lang='grc' dir='ltr'>ΙΙ</span> <span class='ocrx_word' id='word_1_372' title='bbox 1240 1852 1292 1878; x_wconf 87' lang='lat' dir='ltr'>fine</span> <span class='ocrx_word' id='word_1_373' title='bbox 1313 1853 1337 1878; x_wconf 92' lang='lat' dir='ltr'><em>L</em></span> <span class='ocrx_word' id='word_1_374' title='bbox 1352 1854 1361 1886; x_wconf 82' lang='grc' dir='ltr'>ΙΙ</span> <span class='ocrx_word' id='word_1_375' title='bbox 1376 1853 1466 1886; x_wconf 82' lang='lat' dir='ltr'>quinti</span> 
     </span>
    </p>
   </div>
   <div class='ocr_carea' id='block_1_7' title="bbox 189 1898 1466 2019">
    <p class='ocr_par' dir='ltr' id='par_1_13' title="bbox 189 1898 1466 2019">
     <span class='ocr_line' id='line_1_38' title="bbox 800 1898 818 1914; baseline 0 0"><span class='ocrx_word' id='word_1_376' title='bbox 800 1898 818 1914; x_wconf 78' lang='lat' dir='ltr'>n</span> 
     </span>
     <span class='ocr_line' id='line_1_39' title="bbox 190 1921 1465 1957; baseline 0.003 -11"><span class='ocrx_word' id='word_1_377' title='bbox 190 1928 248 1946; x_wconf 84' lang='lat' dir='ltr'>esse</span> <span class='ocrx_word' id='word_1_378' title='bbox 267 1921 298 1946; x_wconf 76' lang='lat' dir='ltr'>in</span> <span class='ocrx_word' id='word_1_379' title='bbox 316 1928 369 1947; x_wconf 81' lang='lat' dir='ltr'>ras.</span> <span class='ocrx_word' id='word_1_380' title='bbox 390 1921 422 1954; x_wconf 67' lang='grc' dir='ltr'>ΙΙΙ</span> <span class='ocrx_word' id='word_1_381' title='bbox 436 1921 537 1955; x_wconf 89' lang='lat' dir='ltr'>quinti]</span> <span class='ocrx_word' id='word_1_382' title='bbox 558 1931 575 1947; x_wconf 93' lang='lat' dir='ltr'>v</span> <span class='ocrx_word' id='word_1_383' title='bbox 597 1921 677 1948; x_wconf 79' lang='lat' dir='ltr'>GHn</span> <span class='ocrx_word' id='word_1_384' title='bbox 706 1932 726 1947; x_wconf 89' lang='lat'>11</span> <span class='ocrx_word' id='word_1_385' title='bbox 745 1921 778 1947; x_wconf 91' lang='lat' dir='ltr'><em>N</em></span> <span class='ocrx_word' id='word_1_386' title='bbox 800 1932 815 1948; x_wconf 94' lang='lat' dir='ltr'>v</span> <span class='ocrx_word' id='word_1_387' title='bbox 837 1922 872 1947; x_wconf 89' lang='grc' dir='ltr'><em>Μ</em></span> <span class='ocrx_word' id='word_1_388' title='bbox 885 1923 894 1955; x_wconf 90' lang='grc' dir='ltr'>ΙΙ</span> <span class='ocrx_word' id='word_1_389' title='bbox 909 1924 941 1947; x_wconf 78' lang='lat'>21</span> <span class='ocrx_word' id='word_1_390' title='bbox 961 1922 988 1955; x_wconf 85' lang='lat' dir='ltr'>a]</span> <span class='ocrx_word' id='word_1_391' title='bbox 1008 1922 1037 1948; x_wconf 89' lang='lat' dir='ltr'>in</span> <span class='ocrx_word' id='word_1_392' title='bbox 1058 1922 1101 1956; x_wconf 81' lang='grc' dir='ltr'>ΟΙΙ</span> <span class='ocrx_word' id='word_1_393' title='bbox 1116 1923 1184 1949; x_wconf 87' lang='lat' dir='ltr'>duos</span> <span class='ocrx_word' id='word_1_394' title='bbox 1204 1923 1332 1957; x_wconf 75' lang='lat' dir='ltr'>LHMu</span> <span class='ocrx_word' id='word_1_395' title='bbox 1347 1927 1379 1950; x_wconf 80' lang='lat'>23</span> <span class='ocrx_word' id='word_1_396' title='bbox 1399 1925 1465 1950; x_wconf 85' lang='lat' dir='ltr'>tunc</span> 
     </span>
     <span class='ocr_line' id='line_1_40' title="bbox 189 1955 1466 1989; baseline 0.003 -8"><span class='ocrx_word' id='word_1_397' title='bbox 189 1955 287 1982; x_wconf 85' lang='lat' dir='ltr'>NLH</span> <span class='ocrx_word' id='word_1_398' title='bbox 298 1957 307 1989; x_wconf 84' lang='grc' dir='ltr'>ΙΙ</span> <span class='ocrx_word' id='word_1_399' title='bbox 325 1959 348 1982; x_wconf 58' lang='grc' dir='ltr'>ἱ).</span> <span class='ocrx_word' id='word_1_400' title='bbox 364 1965 445 1983; x_wconf 70' lang='lat' dir='ltr'>vat</span> <span class='ocrx_word' id='word_1_401' title='bbox 466 1965 579 1983; x_wconf 73' lang='lat' dir='ltr'>uAnoms</span> <span class='ocrx_word' id='word_1_402' title='bbox 599 1961 773 1983; x_wconf 53' lang='lat' dir='ltr'>commumoni*</span> <span class='ocrx_word' id='word_1_403' title='bbox 790 1966 922 1983; x_wconf 73' lang='lat' dir='ltr'>AENExDOS</span> <span class='ocrx_word' id='word_1_404' title='bbox 942 1967 1020 1983; x_wconf 70' lang='lat' dir='ltr'>Lim-:1³</span> <span class='ocrx_word' id='word_1_405' title='bbox 1033 1967 1050 1983; x_wconf 91' lang='lat' dir='ltr'>v</span> <span class='ocrx_word' id='word_1_406' title='bbox 1066 1968 1187 1984; x_wconf 70' lang='lat' dir='ltr'>EXPmmr</span> <span class='ocrx_word' id='word_1_407' title='bbox 1205 1959 1227 1985; x_wconf 82' lang='lat' dir='ltr'><em>G</em></span> <span class='ocrx_word' id='word_1_408' title='bbox 1253 1969 1374 1985; x_wconf 65' lang='lat' dir='ltr'>expuen-</span> <span class='ocrx_word' id='word_1_409' title='bbox 1388 1969 1466 1985; x_wconf 69' lang='lat' dir='ltr'>Lmen</span> 
     </span>
     <span class='ocr_line' id='line_1_41' title="bbox 191 1993 559 2019; baseline 0.003 -2"><span class='ocrx_word' id='word_1_410' title='bbox 191 2001 223 2017; x_wconf 89' lang='lat' dir='ltr'>.v.</span> <span class='ocrx_word' id='word_1_411' title='bbox 243 2001 341 2018; x_wconf 76' lang='lat' dir='ltr'>mcu‘rr</span> <span class='ocrx_word' id='word_1_412' title='bbox 359 2001 437 2017; x_wconf 63' lang='lat' dir='ltr'>Lim-,1³</span> <span class='ocrx_word' id='word_1_413' title='bbox 456 2001 500 2019; x_wconf 68' lang='grc' dir='ltr'>Νι.</span> <span class='ocrx_word' id='word_1_414' title='bbox 522 1993 559 2018; x_wconf 86' lang='grc' dir='ltr'><em>Μ</em></span> 
     </span>
    </p>
   </div>
   <div class='ocr_carea' id='block_1_8' title="bbox 1497 391 1512 414">
    <p class='ocr_par' dir='ltr' id='par_1_14' title="bbox 1497 391 1512 414">
     <span class='ocr_line' id='line_1_42' title="bbox 1497 391 1512 414; baseline 0 0"><span class='ocrx_word' id='word_1_415' title='bbox 1497 391 1512 414; x_wconf 84' lang='grc'>5</span> 
     </span>
    </p>
   </div>
   <div class='ocr_carea' id='block_1_9' title="bbox 1497 658 1528 681">
    <p class='ocr_par' dir='ltr' id='par_1_15' title="bbox 1497 658 1528 681">
     <span class='ocr_line' id='line_1_43' title="bbox 1497 658 1528 681; baseline 0 0"><span class='ocrx_word' id='word_1_416' title='bbox 1497 658 1528 681; x_wconf 88' lang='grc'>10</span> 
     </span>
    </p>
   </div>
   <div class='ocr_carea' id='block_1_10' title="bbox 1497 925 1528 948">
    <p class='ocr_par' dir='ltr' id='par_1_16' title="bbox 1497 925 1528 948">
     <span class='ocr_line' id='line_1_44' title="bbox 1497 925 1528 948; baseline 0 0"><span class='ocrx_word' id='word_1_417' title='bbox 1497 925 1528 948; x_wconf 90' lang='lat'>15</span> 
     </span>
    </p>
   </div>
   <div class='ocr_carea' id='block_1_11' title="bbox 1494 1196 1526 1219">
    <p class='ocr_par' dir='ltr' id='par_1_17' title="bbox 1494 1196 1526 1219">
     <span class='ocr_line' id='line_1_45' title="bbox 1494 1196 1526 1219; baseline 0 0"><span class='ocrx_word' id='word_1_418' title='bbox 1494 1196 1526 1219; x_wconf 73' lang='lat'>‘20</span> 
     </span>
    </p>
   </div>
  </div>
 </body>
</html>
