1690 2611
233 119 320 146 LXIV
764 120 980 147 PRAEFATIO.

233 201 341 242 itaque
377 202 519 233 codicem
558 213 596 233 ex
634 213 696 244 quo
730 202 925 234 Turonensis
958 202 1106 233 fluxisset
1140 203 1314 243 antequam
1346 202 1517 234 Danielina

234 255 358 286 scholia
392 266 465 286 cum
503 254 666 287 Servianis
703 256 875 288 coniuncta
915 258 1023 287 essent
1057 255 1213 296 scriptum
1247 267 1316 287 esse
1350 256 1516 297 opinabar.

233 320 328 349 quam
354 309 539 350 opinionem
568 310 628 341 etsi
655 309 897 341 Turonensibus
929 312 960 340 et
985 309 1245 341 Floriacensibus
1270 309 1402 341 scholiis
1427 321 1517 341 aceu-

232 362 335 393 ratius
360 362 444 394 inter
470 374 503 394 se
528 364 724 404 comparatis
750 362 902 405 abieci¹)‚
926 363 1004 394 illud
1024 365 1134 394 tamen
1152 374 1219 394 non
1237 362 1364 404 dubito,
1388 364 1463 404 quin
1487 364 1515 394 is

233 415 315 446 liber
339 427 401 457 quo
427 417 629 449 Turonenses
654 418 849 458 interpretes
881 416 930 447 usi
961 417 1026 447 sint
1049 416 1248 447 Floriacensi
1275 427 1342 447 11011
1370 428 1434 448 11110
1462 428 1516 449 no-

232 470 317 501 mine
351 471 568 512 praestantior
602 471 708 502 fuerit.
753 471 838 501 haud
872 481 974 511 pauca
1008 470 1093 501 enim
1126 470 1160 501 in
1193 470 1238 501 eis
1272 469 1402 501 scholiis
1435 481 1516 511 quae

231 523 349 554 Daniel
374 535 411 555 ex
439 524 499 556 hoc
529 524 641 565 edidit,
670 535 686 555 e
715 524 895 555 Turonensi
925 535 1019 565 quem
1049 534 1114 555 non
1138 534 1175 554 ea
1204 535 1267 565 qua
1295 523 1433 555 debebat
1460 524 1516 554 ille

232 577 401 618 diligentia
426 578 577 618 contulit,
603 590 621 609 a
647 589 696 609 me
722 581 754 608 et
778 577 948 609 emendata
973 579 1005 608 et
1030 577 1180 618 suppleta
1205 579 1287 608 sunt.
1330 577 1368 608 cf.
1392 588 1422 618 p.
1442 577 1516 618 479,

235 631 287 672 153
312 632 390 673 488,
415 632 435 663 2
460 634 491 663 et
516 633 549 673 53
575 632 654 673 504,
679 632 712 672 33
743 631 820 672 563,
851 631 906 672 ‘253
936 630 1015 672 564,
1043 631 1095 671 16;
1127 631 1205 669 575,
1233 629 1316 673 18²>
1359 630 1515 662 scholium

233 684 273 715 ad
298 684 377 716 Aen.
401 684 449 716 III
478 685 542 716 293
575 685 787 725 adscriptum,
822 684 905 725 quod
940 684 973 714 in
1004 683 1201 715 Floriacensi
1239 686 1276 715 ut
1305 684 1404 715 verba
1435 694 1515 725 quae

231 740 307 770 sunt
323 740 429 779 posita
452 741 495 770 est
518 741 620 770 autem
721 740 834 769 crescat
858 736 1021 769 Servianis
1056 737 1300 768 adnecterentur
1328 738 1513 769 mutilatum

232 794 293 832 est,
319 792 518 824 Turonensis
544 793 707 833 integrum
743 791 880 823 exhibet.
924 790 962 822 cf.
996 790 1102 822 adnot.
1133 791 1202 822 crit.
1227 791 1266 822 ad
1290 790 1339 822 III
1363 791 1415 832 47,
1441 791 1514 832 113,

235 846 306 886 151,
330 847 404 887 501,
430 846 508 887 4144,
533 845 580 877 IV
604 846 682 886 2153
707 845 737 876 V
757 846 809 876 43.
846 845 879 876 in
906 844 1029 876 scholio
1055 845 1094 875 ad
1111 843 1190 876 Aen.
1206 844 1254 876 III
1269 845 1312 876 60
1328 843 1372 886 (p.
1389 844 1462 886 347,
1480 843 1511 886 1)

232 898 454 931 Turonensem
480 899 534 941 qui
558 899 612 931 hoc
635 902 678 930 est
701 909 782 930 {mats
806 899 932 930 (mimus
957 909 981 929 e.
1007 909 1035 939 q.
1056 909 1078 929 s.
1105 897 1247 937 exhibet,
1272 898 1361 939 sequi
1386 899 1418 928 et
1437 899 1512 929 ante

232 963 269 984 ea
293 954 391 984 verba
416 953 535 984 lemma
559 953 675 984 iterare
700 952 803 984 debui.
843 951 890 983 IV
915 952 980 983 200
1005 951 1047 992 (p.
1073 951 1153 992 499,
1178 950 1234 993 22)
1260 951 1360 983 verba
1383 953 1418 982 ut
1440 952 1512 983 ‹licl-

231 1017 299 1038 mus
323 1008 456 1047 quotidie
480 1008 514 1038 in
543 1007 642 1046 officio
667 1017 727 1038 esse
757 1017 837 1048 quae
866 1005 1072 1037 Burmannus
1097 1004 1176 1036 vidit
1205 1017 1223 1036 a
1252 1005 1428 1036 christiano
1457 1005 1514 1036 ho-

232 1061 317 1092 mine
343 1060 454 1092 addita
479 1071 548 1091 esse
573 1060 606 1091 111
630 1060 812 1091 Turonensi
837 1060 959 1091 omissa
989 1061 1072 1090 sunt.
1115 1058 1161 1090 IV
1186 1059 1252 1090 564
1274 1058 1329 1090 hoc
1353 1083 1382 1090 ..
1398 1083 1405 1090 .
1423 1069 1514 1099 prae-

231 1115 352 1146 dicabat
386 1126 401 1145 e
436 1113 632 1145 Turonensis
667 1114 856 1145 testimonio
892 1113 930 1145 ad
965 1124 1001 1144 ea
1035 1112 1134 1144 verba
1169 1112 1326 1154 adscripsi
1359 1112 1399 1143 ad
1433 1123 1513 1153 quae

230 1169 401 1210 pertinent.
444 1168 478 1199 111
503 1168 585 1199 sexti
610 1179 736 1209 quoque
763 1170 794 1199 et
818 1179 928 1199 eorum
958 1167 1012 1209 qui
1042 1168 1221 1208 sequuntur
1245 1166 1403 1197 librorum
1427 1176 1512 1197 com-

231 1223 397 1254 mentariis
423 1234 460 1253 ex
485 1222 546 1253 1100
571 1222 653 1253 libro
678 1221 894 1253 Floriacensis
917 1223 949 1253 et
973 1231 1097 1252 errores
1126 1220 1244 1261 corrigi
1273 1221 1305 1250 et
1328 1219 1437 1250 hiatus
1463 1230 1513 1251 ex-

230 1277 311 1317 pleri
336 1278 496 1317 poterunt.
539 1287 603 1317 qua
633 1276 667 1306 in
691 1287 724 1306 re
754 1275 892 1316 exempli
921 1286 1018 1306 causa
1042 1284 1259 1305 commemoro
1290 1272 1444 1304 Serviano
1473 1272 1513 1303 ad

232 1330 405 1371 septimum
439 1330 558 1361 librum
592 1329 823 1361 commentario
857 1328 1027 1360 Danielem
1062 1339 1099 1359 ex
1132 1338 1194 1358 uno
1220 1327 1399 1358 Turonensi
1433 1326 1513 1358 satis

232 1385 336 1416 multa
361 1384 514 1416 adiecisse
539 1395 643 1425 neque
667 1385 777 1414 tamen
797 1383 905 1414 onmia
926 1382 1062 1414 edidisse
1083 1392 1163 1423 quae
1184 1381 1251 1412 eius
1275 1380 1406 1422 propria
1430 1382 1514 1421 sunt,

231 1439 331 1470 veluti
356 1438 435 1469 haec
461 1449 541 1479 quae
567 1437 606 1468 ad
631 1437 694 1468 VH
719 1437 783 1468 684
810 1436 915 1467 ‘dives
940 1434 1106 1477 Anagnia’
1132 1434 1296 1476 adscripta
1321 1435 1408 1465 sunt:
1444 1433 1513 1474 1691-

232 1495 282 1523 tur
306 1494 333 1523 ct
356 1493 439 1523 ἄθυρε
463 1502 483 1522 a
506 1491 688 1531 quibusdam
717 1501 749 1521 co
777 1490 858 1530 qnod
880 1490 915 1520 m
943 1490 1026 1520 deuio
1054 1490 1095 1520 sit
1116 1489 1230 1529 posita.
1272 1488 1306 1519 2722
1334 1487 1443 1528 quibus
1471 1489 1515 1519 est

226 1546 349 1586 probus.
393 1545 477 1586 quod
510 1546 617 1576 autern
649 1544 852 1575 Turonenses
887 1542 1081 1583 interpretes
1113 1542 1247 1582 vulgata
1278 1543 1310 1572 et
1340 1540 1514 1572 Danielina

232 1600 356 1631 scholia
390 1600 437 1631 ita
468 1599 657 1640 plerumque
694 1598 918 1628 tractaverunt
949 1596 1041 1637 quasi
1074 1607 1137 1627 non
1172 1595 1211 1626 ab
1247 1594 1358 1626 eodem
1391 1594 1512 1635 scripta

232 1654 340 1684 essent
364 1652 394 1683 id
422 1652 543 1693 duplici
568 1651 692 1683 ratione
718 1649 873 1691 explicari
902 1651 1019 1690 potest.
1061 1649 1169 1690 possis
1198 1648 1284 1679 enim
1309 1647 1412 1678 dicere
1441 1647 1511 1678 bre-

232 1707 313 1738 viori
346 1706 429 1738 libro
462 1706 512 1737 cui
543 1705 646 1737 Servii
678 1715 797 1736 nomen
828 1703 1019 1744 inscriptum
1051 1702 1198 1734 viderent
1227 1701 1323 1732 fidem
1354 1700 1512 1732 habentes

231 1760 339 1791 omnia
363 1770 444 1801 quae
469 1760 502 1790 in
527 1770 564 1790 eo
589 1770 656 1790 non
682 1759 870 1799 legerentur
895 1756 1032 1788 aliorum
1057 1767 1127 1787 esse
1152 1755 1214 1787 sibi
1236 1754 1444 1796 persuasisse.
1479 1756 1513 1785 at

323 1920 347 1951 1)
372 1919 551 1945 inveniuntur
575 1919 647 1945 enim
673 1917 870 1945 adnotationes
900 1924 970 1950 quae
996 1924 1057 1941 cum
1090 1923 1122 1941 ex
1147 1915 1286 1942 Servianis
1315 1915 1343 1940 et
1371 1913 1513 1941 additieiis

232 1958 346 1984 scholiis
367 1959 539 1993 compositae
565 1960 621 1985 sint
640 1968 654 1985 e
675 1958 799 1992 pleniore
823 1957 895 1983 libro
920 1955 1104 1982 Floriacensis
1134 1955 1218 1981 simili
1247 1955 1377 1981 videntur
1405 1954 1510 1988 petitae

231 2007 298 2024 esse.
339 2000 372 2025 cf.
393 1999 488 2026 adnot.
505 2000 565 2025 crit.
586 1999 621 2025 ad
638 2001 703 2025 Aen.
721 1998 798 2030 1111,
819 2000 865 2030 54,
886 2000 932 2029 60,
953 1999 999 2029 61,
1021 1996 1083 2027 67⁹⁶,
1104 1995 1167 2028 sest,
1190 1998 1251 2027 157,
1274 1998 1337 2027 171,
1360 1998 1418 2028 174,
1434 1994 1510 2027 206*,

231 2042 291 2070 244,
312 2038 389 2071 2426ss⁷
406 2042 470 2071 ¹249,
492 2042 551 2072 286,
573 2039 640 2065 628*
661 2039 695 2065 al.
734 2046 834 2064 moneo
858 2039 953 2063 tamen
973 2035 1106 2062 Serviane
1126 2044 1197 2069 quae
1217 2035 1260 2062 his
1281 2035 1349 2061 loeis
1370 2035 1509 2061 Turonen-

231 2087 272 2104 ses
298 2078 463 2111 interpretes
488 2079 644 2113 receperint
672 2077 848 2112 paucissimis
874 2076 965 2103 verbis
995 2075 1089 2101 omnia
1116 2076 1258 2102 contineri.
1298 2074 1408 2102 accedit
1436 2074 1510 2109 quod

231 2118 283 2144 hac
308 2118 505 2144 adnotatiomffs
531 2120 642 2152 praetor
667 2127 711 2144 eas
736 2125 804 2151 quas
825 2116 958 2143 asterisco
982 2115 1080 2142 notavi
1109 2115 1149 2142 ita
1178 2116 1356 2149 comparatae
1380 2115 1456 2148 sunt,
1480 2115 1511 2140 ut

232 2158 343 2184 Servius
364 2158 421 2191 ipsc
443 2167 475 2183 ux
495 2159 533 2184 eis
554 2167 603 2184 sua
622 2158 828 2191 deprompsisse
849 2157 936 2183 videri
961 2155 1056 2190 possit.
1185 2157 1211 2189 2)
1235 2155 1279 2182 his
1304 2155 1385 2188 locis,
1410 2154 1510 2188 quibus

231 2198 385 2225 Turonensi
417 2206 498 2223 verae
531 2199 684 2231 scripturae
714 2198 841 2223 servatae
871 2198 946 2230 sunt,
976 2197 1046 2223 alios
1076 2196 1147 2222 addo
1177 2195 1278 2230 quibus
1306 2195 1395 2222 eidem
1416 2194 1510 2228 quiin

231 2238 400 2265 Floriacensi
420 2247 525 2264 errores
546 2237 735 2264 inveniuntur:
760 2246 786 2271 p.
807 2240 871 2270 334,
892 2241 907 2263 6
933 2238 1024 2264 beluas
1050 2237 1186 2267 marinam
1211 2245 1236 2269 p.
1258 2239 1322 2269 337,
1342 2239 1374 2262 23
1399 2242 1509 2266 uaccam

233 2289 257 2312 μ
278 2281 344 2311 347,
366 2282 397 2304 19
418 2280 510 2309 calci-m
533 2288 556 2311 μ.
578 2282 637 2309 11111,
662 2281 671 2303 1
693 2278 780 2303 navis.
819 2277 928 2310 aliquot
946 2276 1015 2303 locis
1035 2277 1210 2302 Turoncnses
1231 2284 1263 2302 ea
1282 2283 1352 2309 quae
1372 2275 1399 2301 in
1419 2282 1508 2301 exem-

232 2319 303 2352 plari
324 2327 378 2352 quo
398 2318 550 2344 utebantur
571 2319 701 2350 ‹orrupta
721 2326 781 2343 csse
802 2317 935 2344 videbant
954 2317 1118 2350 omiserunt,
1138 2315 1225 2342 veluti
1245 2325 1270 2349 p.
1291 2319 1351 2348 344,
1371 2318 1401 2341 31
1423 2315 1509 2341 altera

286 2382 289 2385 .
313 2360 416 2392 ipsum,
436 2368 461 2392 p.
483 2361 542 2389 372,
566 2361 596 2383 16
617 2361 639 2383 ec
660 2358 714 2383 deli
733 2358 814 2390 quasi
835 2358 936 2391 Ιιώίηέ,
956 2366 980 2390 p.
1002 2360 1066 2389 491,
1085 2359 1100 2382 6
1119 2356 1312 2389 suspensionis.
