1690 2611
567 96 744 123 ADDENDA
764 95 810 122 ET
831 95 1076 122 CORRIGENDA.
1400 93 1463 124 (557

261 188 290 213 p.
311 182 358 212 38,
379 183 412 206 26
432 179 563 206 dedisset.
592 169 638 205 sed
659 186 721 203 cum
741 177 901 210 Tyrrhenus
922 176 1019 210 Pauly.

257 224 286 249 p.
308 218 354 248 39,
374 218 406 241 21
428 216 519 242 adnot.
544 215 603 240 crit.
623 213 787 239 Dresdensis
809 213 948 246 scriptura
971 212 1019 238 hoc
1042 212 1121 237 modo
1143 211 1308 244 proferenda
1331 212 1389 237 crat
1408 220 1464 236 vic-

191 264 291 285 TOSQVE
310 264 425 281 PENATES
445 264 480 281 ne
498 254 598 281 timeat
617 252 719 280 Aeolus
740 253 856 286 penates
877 252 986 278 laedere
1006 251 1091 278 tacite
1111 260 1130 278 e.
1151 261 1174 285 q.
1195 260 1215 277 s.

255 304 286 329 p.
307 299 354 328 39,
374 298 407 322 25
427 298 456 322 et.
475 295 531 321 iam
549 295 581 321 tu
601 293 639 321 eis
662 293 761 327 Pauly.

258 344 287 369 p.
309 338 355 367 40,
377 339 388 361 1
411 336 478 362 ordo
499 335 540 362 est
559 335 696 367 inversus,
717 334 781 359 ante
801 331 875 359 enim
897 332 997 365 Pauly.

258 383 288 409 p.
309 378 354 408 40,
377 379 408 401 1ss
428 376 565 410 distingue
584 374 694 408 cogitur
712 375 771 406 a'er,
791 381 825 399 ex
843 371 962 398 nubibus
982 379 1002 398 e.
1023 379 1045 404 q.
1065 379 1085 397 s.

257 423 287 448 p.
308 417 340 440 41
361 415 451 442 adnot.
474 415 533 441 crit.
554 415 602 441 lin.
624 418 638 441 6
658 413 744 441 Statii
766 413 846 439 verba
865 414 929 438 sunt
948 411 1015 437 Aere.
1036 411 1047 435 I
1068 413 1126 435 101.

197 483 200 487 ,
239 456 243 460 ’
257 463 287 488 p.
308 457 356 488 41,
378 458 408 481 19
429 454 545 481 dicendo
567 454 640 480 enim
662 452 802 480 ‘conubio'
830 452 948 486 nuptum
972 449 1094 476 ostendit
1114 449 1271 483 legitimum
1292 449 1331 475 vel
1350 449 1464 482 nuptam

191 494 313 520 ostendit
329 494 486 527 legitimam
505 494 604 527 Pauly.

256 542 286 567 p.
307 537 353 567 45,
373 537 388 560 5
408 534 482 567 quod
501 534 611 567 quando
631 532 833 566 appellativum
854 532 897 557 est
915 531 996 556 turbo
1017 529 1135 556 turbinis
1155 528 1224 555 facit
1246 530 1345 563 I’aaly.

256 582 286 607 p.
307 576 353 606 48,
375 577 388 599 1
409 574 442 606 cf.
463 573 537 600 Serv.
557 581 647 600 comm.
668 573 699 598 in
718 572 790 598 Don.
807 580 836 605 1).
857 574 917 603 411,
939 574 951 596 1
968 579 1021 604 sqq.
1042 570 1077 596 Is.

258 623 286 648 p.
307 617 354 646 48,
374 616 389 640 8
410 614 443 640 cf.
463 614 557 640 Aesclz.
579 613 670 640 Prom.
691 616 743 639 960
762 612 855 638 Herm.

256 663 285 687 p.
306 657 353 685 49,
373 657 388 680 4
413 654 467 688 leye
490 654 629 687 Deipyles.
664 655 777 679 ceterum
803 652 839 678 ad
862 661 885 677 υ.
911 654 960 677 471
988 651 1017 676 in
1041 651 1165 684 maryi‘ne
1190 649 1356 675 Fabriciani
1379 658 1464 675 esem-

187 693 278 726 plaris
303 694 367 720 llaec
392 694 495 720 Daniel
520 694 666 726 adscripsit
692 702 806 718 TYDIDES
828 691 951 725 Tydides
977 691 1126 717 Diomedes
1151 690 1239 723 Tydei
1267 690 1295 715 et
1315 689 1465 722 Deipsedes

190 733 304 760 Adrasti
324 734 398 760 filiae
422 734 493 760 filius
519 734 565 766 qui
588 734 651 767 post
671 734 784 766 captum
803 732 884 758 Ilium
909 732 945 758 ad
970 731 1080 757 ltaliam
1107 730 1184 756 uenit
1203 730 1276 762 quod
1300 729 1409 763 plenius
1434 730 1462 756 iu

191 773 336 800 undecimo
361 774 431 800 libro
455 774 549 800 habes.
587 773 627 798 Eo
654 773 779 805 tempore
806 771 900 798 statua
927 779 989 797 cum
1016 770 1046 796 in
1073 770 1177 804 templo
1203 769 1342 803 Apollinis
1367 769 1465 795 Delfici

190 814 278 840 staret
301 813 330 839 ui
353 814 472 847 quadam
497 813 592 839 diuina
616 813 651 838 ad
674 811 821 845 Corcyram
846 811 979 845 migrauit
1007 812 1036 837 et
1063 819 1125 836 cum
1152 810 1247 836 hostes
1272 810 1465 844 oppugnatum

191 853 340 887 Corcyram
358 854 498 880 uenissent
516 853 577 879 uisa
597 854 638 879 est
660 860 753 878 muros
773 851 971 885 Coroyreorum
992 850 1153 883 defendere,
1179 857 1243 875 nam
1263 850 1321 876 eius
1342 850 1467 876 comunit

190 890 254 925 aEsfi
273 898 400 924 hostibus
419 897 523 931 fugatis
544 896 662 930 Corcyra
680 895 755 922 bello
775 896 892 929 excepta
912 896 961 922 est.

257 947 286 972 p.
307 941 350 970 52,
370 941 384 964 3
404 938 444 964 vel
462 938 544 964 modo
568 937 683 972 propter
701 936 912 969 tempestatem,
932 943 988 960 non
1008 935 1039 960 ut
1059 934 1171 967 quidam
1191 933 1307 960 tradunt
1325 934 1365 960 vel
1384 934 1466 960 niodo

191 988 216 1012 p.
233 979 251 1005 t.
267 978 313 1004 vel
331 978 362 1004 ut
382 986 406 1011 q.
427 979 446 1003 t.
462 977 613 1011 tranquillo
634 976 710 1002 mari.
746 975 795 1002 secl
815 974 1047 1008 quemadmodum
1068 983 1088 1000 e.
1108 983 1130 1008 q.
1152 983 1172 1000 s.
1193 974 1327 1000 szdcerus.

256 1027 285 1052 p.
307 1021 348 1051 52,
370 1021 402 1044 17
421 1018 558 1044 latentem
576 1017 712 1043 Duker-us.

257 1068 286 1093 p.
307 1062 348 1091 52,
370 1062 402 1085 18
417 1067 470 1092 sqq.
496 1059 533 1084 ad
555 1066 578 1084 v.
600 1061 650 1083 117
670 1057 774 1083 Daniel
798 1057 828 1082 ia
846 1063 931 1088 mary.
958 1056 1068 1088 emempl.
1090 1054 1201 1081 fabric.
1227 1054 1387 1087 adscripsit:
1402 1056 1467 1087 post

189 1099 310 1133 hiemem
330 1099 389 1133 (lin.
411 1101 453 1130 19)
473 1098 535 1124 add.
557 1098 629 1124 unde
649 1096 724 1131 (inde
744 1096 901 1129 Scioppius)
922 1096 950 1121 et
969 1096 1082 1128 torquet
1101 1094 1168 1121 iacit
1183 1093 1314 1126 dicimus,
1329 1096 1393 1127 post
1412 1094 1466 1120 sert

190 1140 248 1172 (lin.
270 1142 315 1172 21)
335 1139 397 1165 add.
418 1139 456 1164 ut.
861 1162 866 1166 ,

258 1188 285 1213 p.
306 1182 348 1211 52,
369 1181 402 1204 24
422 1179 454 1211 cf.
476 1178 568 1210 Pomp.
589 1185 678 1203 comm.
696 1185 725 1210 p.
745 1179 805 1209 310,
827 1178 859 1202 10
879 1175 916 1202 Κ.

257 1227 285 1253 p.
306 1222 348 1251 54,
370 1221 401 1244 17
421 1226 496 1244 mare
516 1217 619 1244 vertice
640 1216 825 1250 periculosum
847 1215 948 1249 Pauly.

258 1267 285 1293 p.
306 1262 348 1291 57,
371 1262 401 1284 13
423 1258 457 1284 ab
477 1258 533 1284 imo
553 1257 625 1283 vado
645 1256 744 1290 Paaly.

258 1307 285 1332 p.
307 1302 348 1332 61,
370 1301 383 1324 1
404 1297 597 1332 gloriosissimi
616 1297 744 1322 Dia-erus
763 1298 787 1322 et
807 1296 905 1330 Pauly.

255 1352 284 1377 p.
306 1346 347 1375 63,
367 1346 382 1369 8
403 1343 528 1374 inverso;
557 1345 589 1367 14
613 1351 645 1367 Ac
665 1351 761 1367 vnvm
782 1350 870 1367 MAGNO
896 1351 921 1366 m
946 1350 1045 1366 POPVLO
1065 1351 1086 1366 v.
1108 1350 1128 1366 s.
1145 1350 1167 1366 c.
1188 1351 1209 1365 E.
1236 1339 1397 1373 tempestati
1417 1347 1463 1372 po-

189 1382 248 1416 puli
267 1383 373 1409 motum
393 1382 548 1416 comparat,
568 1382 599 1407 ut
618 1381 726 1407 Tullius
745 1380 849 1414 populo
868 1380 1077 1414 tempestatem,
1098 1383 1131 1406 22
1152 1379 1193 1406 ait
1211 1379 1239 1405 in
1265 1379 1301 1405 Vl
1317 1379 1350 1405 de
1370 1388 1398 1405 re
1414 1388 1463 1412 pu-

190 1422 263 1449 blica
281 1423 322 1449 vel
341 1422 380 1448 ait
400 1422 437 1448 Vl
457 1422 490 1448 de
510 1430 539 1448 re
558 1421 671 1455 publica
692 1420 791 1454 Pauly.

256 1471 285 1496 p.
307 1465 348 1496 67,
371 1465 402 1488 10
423 1462 517 1496 regiae
537 1462 673 1488 Dal-eras.

256 1512 284 1537 p.
305 1506 338 1529 72
359 1503 449 1529 adnot.
471 1503 530 1529 crit.
552 1503 600 1528 lin.
621 1506 635 1527 2
657 1503 710 1536 leye
729 1502 841 1527 torrere.

256 1551 285 1576 p.
306 1545 347 1575 78,
367 1545 383 1568 4
404 1542 576 1576 graviorum3
600 1545 627 1567 11
651 1550 716 1567 nam
736 1541 817 1567 modo
837 1540 944 1567 ramam
966 1541 1067 1574 Pauly.

258 1591 285 1616 p.
306 1585 348 1614 89,
370 1585 401 1608 13
416 1590 469 1615 sqq.
489 1582 523 1614 cf.
545 1582 648 1614 Cornifi
669 1582 732 1608 rhet.
754 1582 790 1607 ad
811 1580 838 1608 C.
859 1581 927 1607 Her.
948 1581 960 1606 Ι
980 1584 1009 1613 8,
1031 1584 1062 1606 13
1082 1583 1106 1606 et
1126 1580 1181 1606 0130.
1202 1581 1234 1606 ilc
1254 1581 1307 1607 inv.
1329 1580 1339 1605 l
1361 1583 1401 1611 19,
1422 1582 1460 1605 274

255 1630 284 1655 2).
306 1625 348 1654 89,
368 1625 400 1648 27
427 1622 520 1647 utrum
546 1621 612 1648 fatis
639 1621 717 1648 bonis
744 1630 779 1647 an
805 1621 998 1655 praesentibus
1026 1618 1150 1647 Kuibala
1186 1620 1378 1655 Veryil-Slml.
1404 1620 1414 1645 l
1435 1629 1463 1653 p.

189 1666 222 1689 95
242 1663 321 1689 Ama.

261 1716 288 1740 p.
310 1710 351 1740 90,
372 1710 386 1733 9
406 1706 557 1733 Helicaone
577 1708 606 1733 et
623 1706 728 1740 Polybo
749 1706 885 1732 Dulceras.
916 1707 951 1738 cf.
971 1706 1009 1732 Il.
1029 1705 1066 1731 111
1089 1708 1138 1731 123
1158 1708 1182 1732 et
1201 1705 1237 1730 XI
1258 1708 1300 1731 59.

259 1755 288 1780 p.
309 1749 352 1779 90,
373 1750 404 1773 11
425 1747 573 1781 acceperat
591 1748 623 1773 ut
642 1755 674 1772 eo
694 1746 755 1772 loco
775 1746 908 1772 conderet
928 1746 1028 1780 Pauly.

260 1795 288 1820 p.
309 1790 351 1820 91,
371 1790 387 1812 4
405 1786 524 1813 Phthiae
544 1787 679 1812 Dakeras.

258 1834 288 1860 p.
308 1829 350 1859 92,
370 1830 403 1853 26
418 1835 470 1860 sqq.
495 1827 529 1859 cf.
550 1826 671 1853 Messala
691 1826 766 1852 Coro.
787 1827 818 1852 (lc
837 1826 908 1861 Any.
926 1835 1005 1861 proy.
1026 1826 1063 1852 XI
1084 1827 1124 1859 (p.
1145 1828 1196 1852 340
1216 1826 1255 1852 ccl.
1275 1825 1360 1859 Rip).

257 1875 286 1900 1).
307 1870 350 1899 93,
371 1870 402 1892 17
423 1867 489 1900 quia
508 1875 553 1893 eas
572 1875 627 1892 non
645 1866 751 1900 perisse
770 1866 906 1892 Dakerus.

258 1915 288 1939 p.
309 1909 351 1938 98,
373 1910 404 1932 19
424 1906 452 1932 L.
474 1906 575 1932 Caesar
593 1907 733 1933 Iordanus
752 1907 845 1933 Herm.
866 1906 903 1931 ΙΙΙ
918 1915 948 1940 1).
969 1909 1028 1933 418.

259 1954 288 1979 p.
309 1949 351 1979 98,
372 1949 404 1972 20
425 1944 535 1981 ἰοβόλον
556 1946 691 1973 Dakoras.

192 2033 226 2056 35
241 1993 407 2064 Ρρὲὲδέαὸο
427 1991 466 2016 sic
486 1992 579 2016 autem
599 2011 604 2016 .
625 2012 630 2017 .
653 2012 658 2017 .
677 1991 856 2018 inveniuntur
876 1990 1000 2026 CCCXL]
1020 1991 1054 2022 cf.
1080 1990 1202 2024 L'nyeras
1226 1999 1293 2016 mus.
1309 1990 1394 2016 Rhea.
1417 1990 1465 2015 vol.

258 2083 288 2108 p.
309 2077 368 2108 100,
388 2078 421 2101 24
440 2075 622 2108 impersonali
643 2075 744 2110 Pauly.

261 2123 289 2148 p.
312 2118 370 2148 101,
391 2117 406 2140 8
426 2115 494 2141 dant
513 2118 537 2142 et
556 2115 702 2149 appellant
720 2115 861 2148 Dakeras,
881 2116 930 2142 dat
949 2119 973 2143 ct
992 2116 1116 2150 appellat
1135 2115 1233 2150 Pauly.

259 2163 288 2188 p.
311 2157 369 2188 102,
391 2157 422 2180 11
438 2163 491 2189 sqq.
512 2156 546 2187 cf.
567 2155 679 2182 Solinus
698 2156 709 2180 I
730 2159 741 2182 1
759 2165 812 2190 sqq.

259 2204 287 2229 p.
310 2198 369 2228 102,
391 2197 423 2220 14
442 2194 622 2228 appellatam.
651 2195 700 2221 alii
719 2196 816 2222 dicunt
836 2196 936 2231 Pauly.

261 2244 288 2269 p.
312 2238 370 2268 102,
390 2237 423 2260 20
443 2235 590 2268 sumpsisse
600 2243 654 2269 pro
674 2235 793 2262 suasisse
813 2236 948 2263 Dulce-rus.

258 2283 287 2308 p.
310 2278 368 2307 102,
389 2277 421 2299 21
442 2275 533 2301 adnot.
555 2276 614 2306 crit.
639 2276 692 2310 leye
710 2270 826 2303 foi'tasse
856 2277 916 2303 ‘filii
936 2277 1024 2303 filium
1048 2277 1219 2304 Romulum'.
1257 2279 1371 2302 celerum
1396 2276 1464 2302 idem

187 2315 332 2348 proposuit
350 2314 485 2341 Dal-erus.
