1690 2611
470 108 584 136 COMM.
604 108 643 134 IN
661 107 768 134 VERG.
788 107 871 134 AEN.
892 108 924 133 ΙΙ.
945 110 1093 134 421—441.
1358 106 1421 138 287

144 191 337 232 sacrilegum
361 190 470 231 datur,
493 191 545 221 vel
565 201 636 221 oum
655 191 808 230 sequatur
833 188 962 220 ‘confixi
983 200 1002 220 a
1021 188 1142 220 soeiis’.
1215 201 1350 220 PEREVNT
1378 189 1423 219 vel

137 254 197 284 pro
215 244 386 284 perierunt.
476 251 620 274 PANTHV
642 243 810 274 vocativus
835 241 975 273 Graecus
1001 244 1058 273 est.

231 297 306 329 431.
342 306 448 328 ILIACI
478 304 624 327 CINERES
657 295 803 327 naturale
833 297 882 326 est
909 295 1015 326 iurare
1048 306 1104 336 per
1135 295 1167 326 id
1201 295 1284 336 quod
1313 306 1422 326 carum

144 350 215 391 quis
238 349 363 380 habuit.
402 351 433 380 et
453 350 635 386 excusatur,
659 350 695 379 ut
719 359 818 389 supra
837 347 944 387 <415>
971 347 1124 388 diximus,
1149 348 1235 389 fuga.
1272 359 1339 389 erqo
1361 349 1424 388 ficit

143 404 346 434 necessarium
379 403 606 434 iusiurandum.
697 414 833 433 EXTREMA
868 411 944 432 mem
980 401 1044 432 ideo
1078 400 1227 432 ‘extrema
1260 412 1395 433 meorum
1405 402 1423 443 ³,

143 457 225 496 qnod
246 457 409 497 eoeistimet,
432 456 512 487 nihil
535 466 571 487 ex
594 466 630 490 ea
651 454 826 495 simet-esse?

233 509 307 541 432.
345 518 477 541 TESTOR
500 508 671 540 testificor:
696 510 728 539 et
751 507 842 539 deest
866 507 966 539 ‘vos'.

232 563 307 594 433.
344 571 443 595 VICES
476 571 614 603 pugnas,
649 561 725 602 quia
756 572 813 602 per
845 561 1103 592 vicissitudinem
1133 562 1354 603 pugnabatur,
1388 565 1424 594 ut

145 615 319 647 Sallustius
339 616 439 647 docet.
476 615 615 656 legimus
635 615 734 646 etiam
753 625 875 655 poenas
895 614 1005 646 ‘vices'
1026 614 1102 645 diei:
1126 614 1283 646 Horatius
1304 615 1423 650 vices-

145 681 214 711 que
238 670 428 710 superbae
452 671 489 700 te
513 670 694 700 maneant
716 668 850 709 ipsum.
893 668 949 699 sed
973 668 1011 699 de
1035 668 1122 699 bello
1146 671 1337 709 usurpatum
1361 672 1424 710 est3

143 723 269 754 nullum
294 722 379 754 enim
402 722 562 764 proelium
586 724 674 753 caret
698 722 849 762 periculo.
895 722 989 762 [εν-90]
1016 721 1122 753 ‘vices’
1142 723 1290 762 pericula.

232 776 306 807 434.
343 784 513 807 MERVISSE
534 784 631 807 MANV
656 777 760 806 testor
784 786 833 806 me
858 775 1026 815 meruisse,
1049 775 1082 805 id
1106 778 1156 806 est
1179 775 1310 807 fortiter
1333 776 1424 807 dimi-

143 841 247 861 casse:
277 830 311 860 hi
339 830 425 860 enim
454 831 618 861 merentur
646 828 757 860 occidi.
804 828 885 859 bene
914 830 1023 859 autem
1053 829 1193 860 evasisse
1218 840 1252 860 se
1275 829 1354 861 fatis
1378 830 1424 862 in-

143 884 250 924 putat,
284 893 355 914 cum
387 885 456 914 tam
489 893 600 923 senex,
633 893 730 923 quam
760 881 875 912 debilis
905 881 1030 921 Iphitus
1059 884 1087 913 et
1116 881 1220 913 Pelias
1253 883 1423 924 evaserint,

144 936 257 968 occisis
290 936 469 968 iuvenibus.
560 948 746 967 mmmmm
769 935 812 966 sic
843 935 935 976 (liza,
967 935 1057 975 quase?
1089 938 1218 976 accuset,
1250 937 1332 976 quod
1362 948 1422 968 non

138 990 298 1030 perierint.

232 1043 307 1075 436.
348 1055 483 1075 rmvms
508 1055 589 1075 nm
609 1043 690 1082 qnod
713 1042 760 1073 illa·
789 1041 893 1073 VZz'oees
915 1042 1082 1081 inflixerat.

232 1097 306 1128 437.
343 1108 486 1128 pssorlivrs
500 1109 538 1127 ,4ο
553 1108 644 1127 SEoEs
657 1109 761 1127 mmm
777 1096 908 1126 servarit
922 1096 1073 1133 ordinem,
1092 1098 1126 1127 ut
1138 1097 1243 1136 primo
1258 1097 1293 1128 de
1308 1099 1425 1137 patria,

139 1152 211 1190 post
228 1150 264 1181 cle
280 1160 347 1190 reye
365 1150 525 1180 curaverit.
560 1148 722 1189 ‘protinus'
746 1148 795 1179 hic
813 1149 933 1185 statim,
956 1149 1033 1180 alibi
1049 1159 1145 1189 porro
1170 1152 1264 1181 tenus.
1347 1159 1424 1182 CLA-

145 1212 240 1235 MORE
259 1203 377 1234 bellico
398 1202 531 1233 scilieet.
609 1215 709 1233 rocam
725 1202 887 1233 clamorem.
905 1203 1006 1233 secuti.
1080 1211 1264 1234 INGENTEM
1284 1212 1424 1235 PVGNAM

143 1256 274 1297 merito,
304 1256 421 1297 quippe
445 1255 480 1286 in
504 1255 599 1287 domo
624 1255 728 1296 regia,
755 1256 808 1286 uba·
830 1258 885 1286 aut
912 1258 1004 1295 capnt
1026 1257 1071 1287 rei
1095 1257 1235 1296 publicae
1261 1260 1340 1298 erat,
1371 1261 1426 1289 ant

144 1309 182 1340 de
207 1320 270 1350 qua
294 1308 397 1340 maior
421 1320 493 1349 spes
518 1310 588 1340 erat
611 1309 758 1349 praedae.

105 1352 107 1355 ’
232 1362 306 1393 439.
339 1375 453 1394 Foamr
465 1372 524 1402 pro
543 1364 646 1393 essent.
715 1371 954 1394 MORERENTVR
973 1374 1037 1394 non
1057 1366 1252 1404 pugnarent,
1272 1366 1309 1395 ut
1328 1375 1424 1405 supra

146 1416 255 1456 <411>
280 1415 481 1457 oriturque
505 1416 724 1447 miserrima
748 1416 891 1447 caedes.

234 1469 308 1499 441.
346 1477 435 1500 ACTA
459 1477 655 1500 TESTVDINE
681 1469 849 1510 adplicita,
873 1470 917 1501 vel
940 1480 1017 1509 quae
1039 1470 1194 1510 afflabatur.

216 1586 231 1609 3
251 1583 377 1609 naturale
397 1584 439 1609 est
458 1591 480 1609 e.
501 1591 527 1616 q.
547 1583 579 1617 s.]
602 1583 634 1609 cf.
656 1583 725 1609 Don.
745 1583 781 1609 ad
801 1583 862 1609 Ter.
882 1583 967 1609 Andr.
989 1584 1026 1610 III
1046 1588 1070 1616 3,
1086 1588 1101 1610 9
1117 1586 1126 1618 ΙΙ
1140 1588 1155 1610 9
1177 1585 1338 1619 Sallustius]
1359 1585 1423 1612 hist.

144 1618 243 1652 fragm.
262 1618 314 1644 inc.
335 1621 368 1644 89
387 1618 435 1645 Kr.
456 1620 465 1652 Η
488 1618 631 1653 Horatius]
652 1620 766 1651 carm.‚l
787 1622 832 1651 28,
853 1622 885 1645 32
909 1620 918 1653 11
949 1622 978 1645 17
1000 1620 1073 1652 quod
1092 1620 1134 1646 illi
1154 1620 1248 1647 Ulixes
1273 1621 1423 1655 inflixerat]

146 1654 181 1680 cf.
201 1653 306 1680 Gellius
326 1653 363 1680 IX
384 1657 429 1687 1⁴2,
451 1657 483 1680 17

220 1763 232 1786 1
261 1760 306 1786 vel
330 1769 392 1786 cum
416 1762 546 1794 sequatur
570 1761 605 1786 F.
626 1760 788 1787 Schoellius:
814 1762 846 1787 ut
869 1770 932 1787 cum
956 1763 1088 1795 sequatur
1106 1762 1171 1788 LH
1175 1763 1211 1788 M
1215 1762 1245 1788 E
1276 1764 1304 1789 et
1328 1771 1423 1790 conse-

147 1796 249 1829 quatur
274 1795 297 1821 G
327 1804 389 1822 cum
415 1798 547 1829 sequatur
570 1796 713 1822 Leidensis
731 1797 892 1823 Burmanni
914 1806 979 1823 nam
999 1798 1124 1831 sequitur
1142 1798 1300 1824 Fabricius.
1336 1800 1424 1832 possis

1446 675 1478 698 10

1445 944 1476 967 15

1444 1211 1478 1234 20

147 1834 171 1857 et
190 1839 222 1857 ex
244 1831 353 1857 Tiberio
372 1831 483 1858 Donato
502 1833 539 1858 ad
557 1833 629 1858 hunc
648 1840 671 1858 v.
691 1833 815 1866 supplere
834 1842 950 1858 manvi-<T
973 1835 1092 1867 augetur
1116 1834 1335 1865 commiseratio,
1360 1843 1422 1860 cum
1460 1837 1466 1845 ⁶

148 1867 278 1899 sequatur
300 1867 310 1900 ΙΙ
337 1867 444 1893 confixa
462 1867 543 1893 sociis
565 1867 587 1892 C
607 1868 616 1900 ΙΙ
644 1870 659 1893 2
684 1869 726 1894 est
751 1876 848 1901 grecus
869 1868 892 1894 C
912 1870 921 1901 fl
949 1871 964 1893 4
985 1869 1045 1902 quis
1065 1869 1164 1895 habuit
1182 1870 1256 1895 LH:
1275 1870 1423 1896 habuimus

148 1902 244 1928 CMle
270 1902 371 1928 habuit
389 1902 418 1927 E
431 1904 439 1935 ΙΙ
453 1904 484 1928 ut
503 1911 586 1936 supra
605 1903 709 1929 dictum
731 1903 754 1929 C
770 1904 779 1937 ΙΙ
797 1907 812 1929 5
832 1913 897 1929 num
918 1905 1053 1937 expunxit
1072 1913 1144 1931 man.
1164 1914 1214 1931 ree.
1235 1906 1265 1931 in
1286 1906 1309 1931 C
1324 1907 1333 1939 Η
1353 1909 1366 1931 7
1388 1907 1424 1931 ad

148 1945 172 1963 v.
193 1940 243 1963 432
264 1937 372 1971 Testor]
392 1937 533 1964 testificor.
571 1939 600 1964 et
619 1938 697 1964 deest
717 1939 800 1965 ‘uos'.
822 1939 849 1964 P
865 1940 875 1972 ΙΙ
898 1942 913 1965 8
934 1940 970 1965 ad
989 1948 1011 1966 r.
1032 1943 1083 1966 433
1103 1940 1197 1975 Vices]
1218 1949 1338 1974 pugnas,
1358 1941 1424 1974 quia

145 1981 196 2006 per
215 1972 435 1999 uicissitudinem
453 1973 638 2006 pugnabatur.
660 1974 687 1999 P
699 1975 708 2007 ΙΙ
722 1977 753 2000 ut
772 1976 801 2000 et
820 1975 956 2000 Salustius
977 1976 1013 2001 M
1026 1976 1064 2008 119
1085 1976 1153 2002 dicit
1173 1977 1194 2002 C
1207 1977 1216 2009 ΙΙ
1237 1979 1268 2002 10
1288 1977 1423 2010 superbae

146 2016 196 2034 om.
217 2008 240 2034 C
261 2009 270 2041 ΙΙ
297 2008 331 2034 de
354 2008 442 2042 bello]
467 2016 482 2034 e
502 2008 575 2034 bello
595 2009 632 2034 H.
666 2011 698 2035 ut
720 2009 825 2035 dictum
849 2011 912 2036 add.
933 2010 1097 2043 Fabricius,
1121 2012 1221 2038 ductus
1240 2013 1304 2038 add.
1324 2012 1397 2038 Lien
1416 2014 1423 2035 l*

148 2047 178 2069 11
195 2043 303 2069 nullum
318 2043 390 2069 enim
404 2043 542 2077 proelium
557 2045 634 2070 earet
647 2045 771 2077 periculo
789 2046 883 2072 dubito
898 2054 963 2071 num
979 2046 1068 2072 Seri-iz·
1081 2047 1137 2072 sint
1151 2048 1160 2080 ΙΙ
1174 2047 1298 2081 pericula
1312 2049 1424 2081 scripsi:

146 2078 265 2112 periculi
285 2079 312 2105 O.
343 2079 376 2111 cf.
397 2080 434 2105 acl
452 2079 520 2104 Aen.
540 2079 658 2106 111376:
679 2081 708 2106 et
726 2080 772 2106 hie
793 2080 890 2107 ‘vices’
912 2081 1130 2114 vicissitudines,
1150 2082 1218 2108 alibi
1237 2083 1373 2115 pericula,
1394 2084 1424 2108 ut

149 2114 291 2141 ‘vitavisse
310 2115 384 2140 vices
403 2114 551 2141 Danaum'.
566 2116 575 2148 {l
591 2117 622 2140 12
642 2116 728 2141 testor
746 2124 791 2142 me
810 2116 941 2142 meruisse
961 2124 1010 2142 om.
1031 2117 1056 2142 L
1071 2118 1080 2150 ΙῙ
1093 2126 1138 2144 me
1158 2126 1206 2144 om.
1228 2118 1291 2144 GM
1304 2120 1313 2151 ΙΙ
1330 2122 1360 2144 13
1380 2119 1421 2152 hi]

147 2149 186 2175 dii
201 2150 224 2176 C
236 2151 245 2183 n
259 2150 380 2176 euasisse
401 2158 429 2176 se
449 2150 498 2176 CI.-
517 2150 639 2176 euasisse
653 2150 749 2176 ΖΗΕ
775 2151 966 2185 euassisseque
986 2160 1014 2178 se
1031 2153 1066 2178 M
1079 2153 1088 2186 ΙΙ
1104 2156 1137 2179 14
1156 2153 1276 2188 Iphitus]
1296 2155 1360 2180 fitus
1381 2154 1403 2179 C

147 2185 268 2211 euaserit
286 2185 348 2211 LE
374 2185 526 2218 (suaserint
544 2187 566 2217 e)
586 2186 595 2218 ΙΙ
618 2188 649 2211 15
669 2188 796 2212 accusset
816 2186 837 2212 Ο
854 2187 863 2219 ΙΙ
888 2190 918 2212 17
939 2187 976 2213 ml
995 2196 1017 2213 v.
1038 2191 1089 2213 436
1109 2188 1230 2215 Vulnere
1252 2190 1337 2223 Ulixi]
1358 2189 1423 2222 quia

146 2220 190 2246 illi
209 2221 303 2246 Ulixes
322 2220 468 2247 inflixerat.
487 2221 513 2246 P
525 2222 535 2253 ΙΙ
552 2223 582 2246 18
602 2221 638 2247 ml
652 2229 676 2247 v.
691 2224 742 2247 437
762 2221 903 2256 Protinus]
924 2221 970 2248 hie
992 2222 1119 2249 ‘statim’.
1149 2224 1216 2250 alibi
1237 2225 1306 2257 (alii)
1329 2225 1422 2257 ‘porro

147 2256 247 2283 tenus’.
265 2256 314 2289 Pn
327 2256 448 2291 pris'sfissfmo
469 2256 492 2283 O
509 2256 626 2290 (priamo
645 2257 710 2289 fuit)
725 2258 734 2290 ΙΙ
750 2260 781 2282 19
802 2258 932 2290 protenus
953 2258 976 2283 G
987 2259 996 2291 ΙΙ
1015 2261 1048 2284 23
1068 2260 1105 2285 ad
1124 2268 1147 2285 v.
1167 2263 1218 2286 439
1238 2260 1352 2294 Forent]
1372 2268 1422 2292 pro

150 2291 275 2318 ‘ess-ant&
298 2292 346 2325 Pu
365 2295 398 2318 25
419 2293 456 2318 ad
474 2301 497 2318 r.
518 2295 567 2317 441
589 2292 661 2318 Acta
679 2292 817 2318 testu-dine
838 2293 979 2327 (testamen
1000 2294 1146 2329 applicita,
1166 2296 1211 2321 uel
1231 2304 1301 2329 quae
1321 2295 1422 2329 ageba-

148 2326 202 2353 tur.
224 2326 251 2352 P
267 2327 276 2360 ΙΙ
297 2327 454 2361 applicatae
475 2328 498 2354 C'
