1690 2611
513 111 625 138 COMM.
645 112 685 138 IN
705 111 810 139 VERG.
831 112 913 139 AEN.
934 113 967 140 V.
988 115 1135 140 722—738.
1397 113 1461 144 645

186 204 256 234 que
290 205 395 225 suum
429 205 495 225 sua
526 193 654 225 sidera
683 196 832 225 noru‘nt.
879 195 1052 226 secundum
1084 195 1297 236 philosophos
1326 195 1460 237 elysium

185 249 234 277 est
259 247 384 278 insulae
407 247 606 288 fortunatae,
630 258 709 288 quas
734 247 779 278 ait
797 246 968 279 Sallustius
994 248 1121 279 inclitas
1147 259 1215 279 esse
1235 248 1369 280 Homeri
1395 260 1461 280 car—

184 300 338 341 minibus,
368 311 503 341 quarum
533 300 779 342 descriptionem
803 299 1002 341 Porphyrius
1029 304 1263 333 commentator
1291 302 1368 334 dicit
1393 313 1460 334 esse

185 354 360 385 sublatam:
385 354 559 385 secundum
583 354 753 395 theologos
779 354 862 385 circa
886 354 1031 385 lunarem
1053 355 1222 396 circulum,
1247 356 1302 387 ubi
1321 356 1386 389 iam
1407 359 1460 387 aer

184 407 295 448 purior
328 408 390 439 est:
425 407 508 439 unde
537 408 584 439 ait
612 408 680 449 ipse
705 407 869 449 Vergilius
898 407 966 448 <VI
991 407 1076 448 887>
1107 409 1206 440 aeris
1236 410 1273 440 in
1302 410 1461 451 campis,
1481 415 1496 438 5

186 461 264 492 item
288 460 434 492 Lucanus
454 461 519 501 <IX
538 461 597 502 10>
621 472 694 492 non
717 461 812 492 illuc
837 472 928 492 auro
952 461 1087 502 positi,
1112 473 1181 493 nec
1204 464 1290 493 ture
1315 463 1461 504 sepulti

184 515 424 554 perveniunt.

275 568 347 599 737.
384 577 454 599 TVM
479 577 591 600 GENVS
617 577 712 600 OMNE
738 577 834 600 TVVM
858 577 901 599 ET
926 577 957 606 Q.
982 577 1014 600 D.
1037 577 1071 599 M.
1095 577 1128 599 D.
1152 569 1213 600 hae
1238 572 1314 601 sunt
1338 581 1461 611 causae,

185 625 318 663 propter
342 633 420 663 quas
446 622 571 653 Aeneas
596 622 759 653 descendit
783 622 822 653 ad
845 622 980 653 inferos:
1013 622 1139 663 generis
1165 623 1305 663 agnitio,
1330 625 1361 654 et
1385 624 1460 655 civi-

184 675 263 706 tatis
288 686 417 716 nomen,
441 675 524 716 quod
549 675 578 706 ei
600 675 707 707 nullus
733 686 885 717 umquam
909 675 1128 716 praedixerat,
1155 676 1211 706 sed
1232 676 1319 707 solus
1339 676 1462 708 indicat
1482 684 1514 707 1ο

185 730 287 768 pater.
328 729 410 760 latet
434 730 532 770 enim,
555 731 592 760 ut
616 741 713 770 supra
737 729 773 770 <I
793 730 878 770 277>
905 729 1057 770 diximus,
1081 730 1305 762 verumlurbis
1331 742 1462 762 nomen:

186 782 268 827 uude
297 783 325 814 ei
353 785 445 824 pater
475 783 565 823 quasi
595 795 652 824 pro
683 783 838 824 mysterio
867 786 895 814 et
917 784 1084 822 adfectione
1112 783 1157 815 ait
1183 783 1250 823 <VI
1276 784 1361 825 781>
1391 784 1462 815 illa

185 835 324 867 inclita
347 837 473 868 Roma.
518 839 545 868 et
573 848 681 868 nomen
709 838 829 877 quidem
852 837 970 868 Romae
998 848 1017 867 a
1035 839 1127 877 poeta
1155 838 1269 869 (lictum
1299 841 1356 875 est;
1388 849 1462 869 nam

184 899 287 920 verum
311 890 396 921 urbis
419 900 539 928 nomen,
564 893 599 921 ut
620 891 735 922 dictum
758 893 813 927 aet,
838 890 915 921 latet.

276 943 347 975 738.
385 952 545 981 TORQVET
570 952 701 975 MED1os
727 952 799 975 nox
825 952 937 974 vM1DA
962 952 1091 975 cvnsvs
1115 953 1146 975 E.
1170 953 1203 975 M.
1228 953 1254 976 s.
1278 954 1308 976 E.
1329 954 1358 977 o.
1378 954 1409 976 A.
1433 954 1463 976 A.
1485 951 1516 974 15

186 995 252 1027 dies
277 998 327 1027 est
349 997 476 1037 plenus,
501 997 555 1038 qui
579 997 678 1029 habet
701 997 798 1029 horas
823 997 941 1039 viginti
966 1000 1133 1039 quattuor:
1157 1009 1233 1029 nam
1254 1001 1286 1029 et
1306 1010 1369 1030 nox
1388 1010 1463 1040 pars

185 1049 246 1080 diei
271 1051 328 1081 est.
375 1049 508 1081 dicimus
538 1053 647 1082 autem
677 1051 761 1082 diem
785 1062 804 1082 a
827 1053 918 1092 parte
947 1051 1093 1082 meliore:
1125 1051 1209 1082 unde
1241 1053 1273 1082 et
1301 1063 1376 1083 usus
1407 1054 1464 1092 est,

185 1105 221 1135 ut
240 1104 309 1135 sine
329 1105 632 1136 commemoratione
653 1105 757 1136 noctis
777 1116 947 1136 numerum
963 1105 1108 1136 dicamus
1124 1105 1255 1136 dierum.
1289 1105 1340 1137 hic
1357 1108 1463 1137 autem

185 1157 252 1188 dies
277 1158 449 1189 secundum
469 1158 651 1199 Aegyptios
677 1158 808 1190 inchoat
833 1158 873 1189 ab
897 1169 1014 1189 occasu
1039 1158 1131 1198 solis,
1155 1159 1329 1190 secundum
1348 1159 1463 1191 Persas

185 1211 224 1242 ab
250 1213 324 1242 ortu
348 1211 439 1252 solis,
464 1212 636 1243 secundum
657 1211 813 1243 Etruscos
838 1214 869 1242 et
889 1211 1102 1242 Athenienses
1129 1223 1147 1243 a
1171 1214 1263 1243 sexta
1286 1212 1367 1244 hora
1392 1213 1464 1254 diei,
1484 1218 1517 1242 20

185 1264 359 1296 secundum
378 1265 542 1297 Romanos
563 1277 581 1296 a
601 1265 708 1296 media
726 1267 835 1296 nocte:
860 1267 892 1296 et
916 1265 974 1296 hos
999 1276 1084 1296 nunc
1108 1267 1236 1296 secutus
1261 1266 1307 1297 ait
1329 1266 1463 1298 ‘medios

138 1361 141 1364 Δ
185 1329 295 1350 cursus
319 1329 382 1350 nox
406 1321 537 1360 torquet
557 1321 589 1350 et
608 1330 658 1350 me
678 1330 792 1350 saevus
813 1319 903 1360 equis
924 1319 1029 1350 oriens
1051 1319 1183 1350 adflavit
1204 1319 1350 1351 anhelis'.
1386 1320 1465 1351 haec

186 1375 293 1403 autem
316 1372 410 1413 plene
435 1374 652 1414 exsequuntur
677 1375 708 1404 et
733 1372 844 1405 Cicero
870 1373 902 1403 in
927 1372 1137 1414 auguralibus
1163 1375 1194 1403 et
1218 1373 1322 1404 Aulus
1341 1372 1464 1404 Gellius

185 1426 218 1456 in
242 1426 334 1457 libris
358 1426 501 1457 noctium
526 1426 709 1458 Atticarum
735 1425 805 1466 (ΠΙ
830 1426 880 1465 2).
928 1425 988 1456 1100
1019 1425 1116 1456 etiam
1146 1426 1204 1457 illa
1232 1438 1283 1458 res
1313 1426 1391 1458 iuris
1418 1427 1464 1457 in-

186 1479 285 1520 dicat,
310 1479 393 1520 quod
414 1490 485 1510 cum
509 1480 673 1511 tribunum
699 1479 784 1520 plebi
805 1479 978 1510 abnoctare
999 1479 1040 1510 ab
1060 1480 1140 1511 urbe
1159 1491 1224 1511 non
1244 1480 1366 1521 liceret,
1390 1481 1462 1512 lice·
1483 1486 1516 1509 25

186 1533 243 1564 bat
265 1535 374 1564 tamen
399 1533 484 1564 exire
509 1535 582 1574 post
606 1535 732 1564 noctem
757 1532 896 1563 mediam
922 1535 953 1564 et
978 1535 1052 1564 ante
1078 1533 1215 1564 mediam
1240 1534 1366 1565 reveimti

257 1624 272 1646 2
288 1595 455 1655 Sallustius]
474 1620 538 1647 hist.
558 1620 620 1654 frag
622 1630 657 1646 m.
674 1621 733 1647 162
753 1620 799 1646 Kr.
816 1621 843 1646 et
857 1620 890 1646 D.
905 1622 914 1654 ss
931 1624 962 1647 1ss
983 1620 1042 1646 dies
1063 1622 1104 1646 est
1123 1620 1222 1661 plenus
1243 1630 1264 1647 e.
1280 1630 1306 1654 q.
1323 1621 1356 1655 s.]
1377 1629 1463 1647 exscr.

186 1656 251 1682 Isid.
272 1665 308 1683 or
330 1656 354 1681 V
374 1659 416 1688 30,
436 1659 451 1681 3
471 1657 499 1682 et
518 1659 542 1682 4.
576 1629 620 1682 011ἐζ
631 1656 753 1682 Macrob.
775 1656 830 1682 Sat.
851 1656 863 1681 I
882 1660 906 1685 3
930 1659 960 1682 10
975 1657 983 1689 μ
1006 1659 1038 1682 23
1060 1656 1154 1682 Cicero
1174 1656 1201 1682 in
1222 1656 1415 1690 auguralibus]
1436 1665 1462 1690 p

187 1695 238 1718 980
258 1692 300 1718 Or.
321 1692 330 1725 ΙΙ
349 1695 383 1718 24
402 1678 455 1718 1100
474 1692 559 1718 etiam
581 1713 585 1718 .
607 1712 612 1716 .
633 1714 638 1718 .
658 1691 773 1726 reverti]
794 1691 827 1717 cf
848 1691 918 1718 Gen.
940 1693 1012 1718 noct.
1034 1693 1091 1718 Att.
1112 1692 1176 1718 XIII
1198 1695 1238 1725 12
1259 1696 1274 1718 9

260 1775 275 1798 2
296 1748 376 1806 quas]
398 1770 532 1805 μακάρων
552 1771 654 1805 νήσους
672 1773 774 1798 vocant
793 1780 861 1805 quas
881 1772 944 1798 add.
966 1772 993 1797 D
1007 1773 1016 1805 ΙΙ
1035 1771 1095 1805 agit
1113 1772 1166 1804 ΗΙΙ
1185 1776 1199 1797 3
1221 1780 1305 1805 quare
1325 1772 1357 1797 N
1372 1774 1381 1806 Η
1401 1781 1463 1806 por

189 1808 295 1841 phitius
316 1808 353 1833 M
381 1807 506 1840 porfirius
526 1817 557 1833 m
577 1816 629 1834 ras.
651 1809 673 1833 l:
696 1807 758 1841 pius
778 1808 807 1833 F
834 1807 910 1841 prius
930 1808 996 1833 NH
1012 1808 1021 1840 ΙΙ
1043 1809 1235 1834 conmentator
1254 1808 1286 1833 N
1291 1808 1327 1834 M
1354 1816 1463 1834 comen-

189 1844 265 1869 tator
284 1843 309 1869 L
329 1845 338 1876 ll
362 1843 442 1877 dicit]
462 1844 577 1875 feitasse
597 1843 707 1877 Orpheo
727 1844 766 1869 tel
785 1843 819 1869 de
839 1843 948 1876 Orpheo
968 1843 1043 1869 dicit.
1082 1844 1115 1875 cf.
1136 1843 1209 1869 Serv.
1231 1844 1267 1870 ad
1286 1846 1353 1870 Aen
1375 1844 1412 1869 ΙΙΙ
1431 1847 1464 1869 98

189 1882 212 1904 et
231 1879 334 1905 Lobeck
358 1879 490 1912 Aylaoph.
514 1888 540 1912 p.
562 1882 612 1905 952
641 1881 650 1912 ΙΙ
682 1882 697 1904 4
722 1879 832 1905 sublata
851 1878 881 1904 F
912 1879 1036 1905 sublatis
1055 1879 1080 1904 L
1105 1879 1231 1911 (alterum
1256 1887 1272 1904 a
1294 1880 1323 1905 in
1344 1887 1398 1905 ras.
1419 1880 1437 1911 l)

193 1918 208 1940 5
229 1914 310 1940 aeriis
330 1914 366 1940 M
379 1915 388 1947 ΙΙ
403 1918 417 1940 6
437 1914 505 1940 item
524 1914 664 1949 Lucanus]
684 1914 800 1940 lucanus
820 1923 929 1947 quoque
949 1914 984 1940 F.
1020 1914 1141 1948 ‘quaque
1161 1915 1220 1948 (sic)
1240 1916 1321 1948 patet
1340 1936 1345 1941 .
1361 1936 1366 1941 .
1383 1936 1388 1940 .
1410 1915 1464 1941 col-

188 1949 258 1983 legit
282 1949 311 1975 in
331 1949 410 1976 orbes
431 1952 464 1981 (v.
485 1952 564 1983 6—9)
584 1950 645 1976 add.
667 1959 751 1984 marg).
771 1950 800 1975 D
822 1952 831 1983 ss
854 1950 912 1976 illic
932 1950 957 1975 L
985 1949 1053 1976 illuo
1074 1950 1106 1975 H
1126 1951 1134 1983 ΙΙ
1164 1953 1177 1976 7
1198 1951 1235 1976 ad
1255 1950 1337 1977 Casta
1357 1950 1465 1982 Sibylla

192 1986 221 2011 in
241 1994 324 2019 mary.
345 1985 508 2011 Dresderzsis
526 1986 574 2011 hoc
592 1986 721 2012 scholium
741 1986 908 2018 adscriptum
928 1988 964 2011 est
984 1987 1061 2012 casta
1079 1985 1180 2011 dicitur
1204 1987 1318 2020 propter
1341 1986 1464 2012 fabulam

191 2029 262 2054 quae
287 2022 328 2046 est
351 2021 425 2054 apud
450 2021 578 2047 Ovidium
603 2021 674 2047 libro
699 2020 807 2047 decimo
831 2021 914 2047 tertio
939 2021 1201 2055 metamorphoseon
1220 2022 1294 2053 (XIV
1317 2023 1375 2053 130)
1400 2021 1465 2054 quia

192 2056 282 2082 noluit
300 2056 425 2089 Apollini
445 2057 606 2083 consentire.
622 2058 630 2090 ΙΙ
647 2060 678 2082 10
698 2057 842 2091 umquam]
863 2059 926 2083 ante
947 2057 999 2089 ΗΙΙ
1019 2060 1051 2082 12
1071 2056 1195 2083 misterio
1215 2058 1280 2083 libri
1293 2058 1302 2089 ΙΙ
1320 2061 1349 2083 13
1370 2059 1398 2083 et
1417 2065 1464 2082 no-

190 2100 255 2118 men
271 2113 275 2117 .
289 2113 310 2118 ..
327 2092 397 2118 latet
415 2093 476 2118 hab.
489 2093 525 2118 M
538 2094 547 2125 ΙΙ
563 2095 595 2117 14
614 2094 642 2118 et
661 2091 767 2118 dictum
788 2093 830 2118 est
845 2092 873 2117 F
895 2094 925 2117 ut
940 2092 1058 2118 diximus
1075 2093 1111 2118 M
1123 2093 1132 2125 ΙΙ
1148 2096 1180 2119 16
1200 2093 1258 2119 dies
1277 2093 1329 2126 est]
1351 2092 1425 2118 diese
1438 2092 1468 2118 F

190 2127 249 2153 dies
269 2127 343 2153 enim
363 2128 405 2153 est
423 2127 503 2160 LM,
523 2129 566 2153 est
585 2136 633 2153 om.
649 2128 702 2161 ΗΙΙ
716 2136 778 2153 oras
798 2127 864 2153 LM
878 2129 886 2160 ss
901 2137 980 2153 xxnn
1001 2127 1082 2154 horas
1098 2127 1148 2161 ΓΗ
1164 2132 1194 2154 17
1216 2130 1244 2154 et
1262 2137 1310 2154 om.
1326 2128 1350 2153 L
1365 2129 1374 2161 ΙΙ
1388 2128 1463 2162 usus]

190 2164 218 2188 in
239 2172 289 2188 usu
305 2163 334 2188 F
351 2171 401 2188 usu
416 2163 448 2188 H
459 2164 468 2196 11
484 2165 516 2188 18
532 2163 784 2190 conmemoratione
798 2164 832 2188 M
845 2164 854 2196 ss
870 2166 901 2189 19
916 2163 1011 2189 incoat
1020 2163 1052 2189 N
1068 2162 1188 2190 inchoad
1201 2164 1233 2189 H
1243 2165 1252 2196 ΙΙ
1268 2167 1299 2189 20
1314 2163 1464 2189 secundum

193 2201 317 2224 etruscos
338 2198 435 2224 FMI:
459 2199 610 2225 secundum
629 2199 746 2225 rusticos
766 2198 864 2224 NLH
890 2198 1040 2225 seeundum
1060 2199 1190 2232 Umbros,
1211 2199 1339 2225 Etruscos
1359 2199 1464 2224 Masci-

191 2235 249 2260 cius
272 2234 281 2267 ΙΙ
305 2233 474 2260 atheniensis
493 2234 526 2260 H
545 2236 554 2267 ss
577 2237 609 2260 21
630 2234 682 2269 ait]
704 2234 790 2260 habet
809 2234 833 2259 '
809 2234 864 2268 ss
888 2237 920 2260 23
941 2237 1105 2261 exsecuntur
1124 2235 1156 2261 L.
1185 2234 1345 2268 exsequitur
1363 2235 1466 2268 ιηιξῖρο,

194 2272 229 2295 24
247 2269 404 2296 noctiorum
423 2269 600 2303 antiquorum
620 2270 653 2296 Η
663 2271 673 2304 ΙΙ
685 2266 747 2303 illa]
768 2269 827 2296 hila
846 2270 879 2296 H
889 2271 898 2303 ΙΙ
912 2270 967 2305 res]
987 2270 1032 2296 lex
1052 2271 1082 2296 in
1101 2279 1154 2296 ras.
1175 2270 1227 2303 Iu*
1220 2269 1274 2296 luri
1292 2270 1323 2295 Η
1336 2270 1345 2303 ΙΙ
1364 2273 1396 2296 25
1416 2270 1464 2296 tri-

194 2305 289 2340 bunos]
302 2305 334 2331 N
345 2306 354 2339 ll
368 2305 444 2338 plebi
459 2305 490 2331 N
494 2305 568 2331 LH:
586 2305 728 2338 publicum
744 2305 774 2331 F
794 2305 884 2339 plebis
905 2306 954 2332 Ml
967 2307 977 2339 ΙΙ
990 2306 1140 2333 abnoctare
1156 2306 1179 2331 L
1204 2306 1351 2332 adnoctare
1372 2305 1465 2337 ΗΙΙῙῙῙ

193 2344 226 2367 ’26
247 2342 274 2367 et
293 2342 357 2367 ante
377 2341 497 2367 mediam
518 2350 566 2368 om.
583 2340 619 2373 F,
638 2342 667 2368 et
685 2349 734 2367 om.
750 2341 783 2367 H
