<?xml version="1.0" encoding="UTF-8"?>
<!DOCTYPE html PUBLIC "-//W3C//DTD XHTML 1.0 Transitional//EN"
    "http://www.w3.org/TR/xhtml1/DTD/xhtml1-transitional.dtd">
<html xmlns="http://www.w3.org/1999/xhtml" xml:lang="en" lang="en">
 <head>
  <title>
</title>
<meta http-equiv="Content-Type" content="text/html;charset=utf-8" />
  <meta name='ocr-system' content='tesseract 3.04.00' />
  <meta name='ocr-capabilities' content='ocr_page ocr_carea ocr_par ocr_line ocrx_word'/>
</head>
<body>
  <div class='ocr_page' id='page_1' title='image "./serviigrammatici01bons_0085.png"; bbox 0 0 1690 2611; ppageno 0'>
   <div class='ocr_carea' id='block_1_1' title="bbox 679 130 1426 157">
    <p class='ocr_par' dir='ltr' id='par_1_1' title="bbox 679 130 1426 157">
     <span class='ocr_line' id='line_1_1' title="bbox 679 130 1426 157; baseline -0.001 0"><span class='ocrx_word' id='word_1_1' title='bbox 679 130 895 157; x_wconf 83' lang='lat' dir='ltr'><strong>PRAEFATIO.</strong></span> <span class='ocrx_word' id='word_1_2' title='bbox 1312 130 1426 156; x_wconf 81' lang='lat' dir='ltr'>LXXXI</span> 
     </span>
    </p>
   </div>
   <div class='ocr_carea' id='block_1_2' title="bbox 146 212 1435 2341">
    <p class='ocr_par' dir='ltr' id='par_1_2' title="bbox 146 212 1428 790">
     <span class='ocr_line' id='line_1_2' title="bbox 146 212 1425 255; baseline -0.002 -9"><span class='ocrx_word' id='word_1_3' title='bbox 146 214 305 255; x_wconf 85' lang='lat' dir='ltr'>scriptum</span> <span class='ocrx_word' id='word_1_4' title='bbox 339 214 491 246; x_wconf 90' lang='lat' dir='ltr'>continet.</span> <span class='ocrx_word' id='word_1_5' title='bbox 543 213 689 255; x_wconf 80' lang='lat' dir='ltr'>singulae</span> <span class='ocrx_word' id='word_1_6' title='bbox 722 213 861 253; x_wconf 81' lang='lat' dir='ltr'>paginae</span> <span class='ocrx_word' id='word_1_7' title='bbox 893 212 1117 243; x_wconf 71' lang='lat' dir='ltr'>undetricenos</span> <span class='ocrx_word' id='word_1_8' title='bbox 1152 223 1261 243; x_wconf 87' lang='lat' dir='ltr'>versus</span> <span class='ocrx_word' id='word_1_9' title='bbox 1295 212 1425 243; x_wconf 86' lang='lat' dir='ltr'>habent.</span> 
     </span>
     <span class='ocr_line' id='line_1_3' title="bbox 146 265 1424 309; baseline -0.002 -10"><span class='ocrx_word' id='word_1_10' title='bbox 146 268 243 309; x_wconf 88' lang='lat' dir='ltr'>primi</span> <span class='ocrx_word' id='word_1_11' title='bbox 267 279 378 299; x_wconf 86' lang='lat' dir='ltr'>versus</span> <span class='ocrx_word' id='word_1_12' title='bbox 403 268 484 299; x_wconf 89' lang='lat' dir='ltr'>sexti</span> <span class='ocrx_word' id='word_1_13' title='bbox 509 271 541 299; x_wconf 87' lang='lat' dir='ltr'>et</span> <span class='ocrx_word' id='word_1_14' title='bbox 566 266 745 298; x_wconf 83' lang='lat' dir='ltr'>duodecimi</span> <span class='ocrx_word' id='word_1_15' title='bbox 773 265 849 296; x_wconf 88' lang='lat' dir='ltr'>libri</span> <span class='ocrx_word' id='word_1_16' title='bbox 874 266 1097 296; x_wconf 83' lang='lat' dir='ltr'>commentarii</span> <span class='ocrx_word' id='word_1_17' title='bbox 1122 268 1154 296; x_wconf 92' lang='lat' dir='ltr'>et</span> <span class='ocrx_word' id='word_1_18' title='bbox 1178 266 1334 297; x_wconf 87' lang='lat' dir='ltr'>lemmata</span> <span class='ocrx_word' id='word_1_19' title='bbox 1358 276 1424 296; x_wconf 78' lang='lat' dir='ltr'>ma—</span> 
     </span>
     <span class='ocr_line' id='line_1_4' title="bbox 146 318 1426 353; baseline -0.002 -1"><span class='ocrx_word' id='word_1_20' title='bbox 146 321 280 353; x_wconf 89' lang='lat' dir='ltr'>iusculis</span> <span class='ocrx_word' id='word_1_21' title='bbox 295 321 415 353; x_wconf 89' lang='lat' dir='ltr'>litteris</span> <span class='ocrx_word' id='word_1_22' title='bbox 431 324 564 352; x_wconf 88' lang='lat' dir='ltr'>exarata</span> <span class='ocrx_word' id='word_1_23' title='bbox 580 322 663 351; x_wconf 87' lang='lat' dir='ltr'>sunt.</span> <span class='ocrx_word' id='word_1_24' title='bbox 701 319 838 350; x_wconf 88' lang='lat' dir='ltr'>leviores</span> <span class='ocrx_word' id='word_1_25' title='bbox 854 318 1061 350; x_wconf 82' lang='lat' dir='ltr'>librariorum</span> <span class='ocrx_word' id='word_1_26' title='bbox 1078 329 1201 350; x_wconf 87' lang='lat' dir='ltr'>errores</span> <span class='ocrx_word' id='word_1_27' title='bbox 1216 337 1251 341; x_wconf 90' lang='lat'><strong>—</strong></span> <span class='ocrx_word' id='word_1_28' title='bbox 1265 330 1340 350; x_wconf 86' lang='lat' dir='ltr'>nam</span> <span class='ocrx_word' id='word_1_29' title='bbox 1360 330 1426 350; x_wconf 89' lang='lat' dir='ltr'>non</span> 
     </span>
     <span class='ocr_line' id='line_1_5' title="bbox 148 372 1425 415; baseline -0.004 -8"><span class='ocrx_word' id='word_1_30' title='bbox 148 375 188 406; x_wconf 89' lang='lat' dir='ltr'>ab</span> <span class='ocrx_word' id='word_1_31' title='bbox 213 386 277 406; x_wconf 93' lang='lat' dir='ltr'>uno</span> <span class='ocrx_word' id='word_1_32' title='bbox 303 375 402 406; x_wconf 83' lang='lat' dir='ltr'>codex</span> <span class='ocrx_word' id='word_1_33' title='bbox 422 375 560 415; x_wconf 89' lang='lat' dir='ltr'>scriptus</span> <span class='ocrx_word' id='word_1_34' title='bbox 585 375 635 404; x_wconf 87' lang='lat' dir='ltr'>est</span> <span class='ocrx_word' id='word_1_35' title='bbox 658 392 694 395; x_wconf 95' lang='lat'>—</span> <span class='ocrx_word' id='word_1_36' title='bbox 717 372 814 404; x_wconf 89' lang='lat' dir='ltr'>homo</span> <span class='ocrx_word' id='word_1_37' title='bbox 841 372 886 403; x_wconf 89' lang='lat' dir='ltr'>eis</span> <span class='ocrx_word' id='word_1_38' title='bbox 912 372 978 402; x_wconf 83' lang='lat' dir='ltr'>fere</span> <span class='ocrx_word' id='word_1_39' title='bbox 1003 372 1146 413; x_wconf 87' lang='lat' dir='ltr'>aequalis</span> <span class='ocrx_word' id='word_1_40' title='bbox 1173 373 1312 403; x_wconf 84' lang='lat' dir='ltr'>sustulit.</span> <span class='ocrx_word' id='word_1_41' title='bbox 1348 372 1425 403; x_wconf 88' lang='lat' dir='ltr'>olim</span> 
     </span>
     <span class='ocr_line' id='line_1_6' title="bbox 147 426 1425 468; baseline -0.002 -9"><span class='ocrx_word' id='word_1_42' title='bbox 147 428 230 459; x_wconf 86' lang='lat' dir='ltr'>liber</span> <span class='ocrx_word' id='word_1_43' title='bbox 248 427 336 459; x_wconf 87' lang='lat' dir='ltr'>Petri</span> <span class='ocrx_word' id='word_1_44' title='bbox 351 428 497 460; x_wconf 85' lang='lat' dir='ltr'>Danielis</span> <span class='ocrx_word' id='word_1_45' title='bbox 522 427 598 468; x_wconf 79' lang='lat' dir='ltr'>fuit,</span> <span class='ocrx_word' id='word_1_46' title='bbox 622 427 676 468; x_wconf 87' lang='lat' dir='ltr'>qui</span> <span class='ocrx_word' id='word_1_47' title='bbox 701 427 735 457; x_wconf 94' lang='grc'>111</span> <span class='ocrx_word' id='word_1_48' title='bbox 759 426 911 457; x_wconf 87' lang='lat' dir='ltr'>inferiore</span> <span class='ocrx_word' id='word_1_49' title='bbox 937 427 1098 456; x_wconf 83' lang='lat' dir='ltr'>extremae</span> <span class='ocrx_word' id='word_1_50' title='bbox 1115 426 1253 467; x_wconf 82' lang='lat' dir='ltr'>paginae</span> <span class='ocrx_word' id='word_1_51' title='bbox 1279 427 1425 467; x_wconf 83' lang='lat' dir='ltr'>margine</span> 
     </span>
     <span class='ocr_line' id='line_1_7' title="bbox 148 478 1426 523; baseline -0.002 -10"><span class='ocrx_word' id='word_1_52' title='bbox 148 481 228 513; x_wconf 84' lang='lat' dir='ltr'>haec</span> <span class='ocrx_word' id='word_1_53' title='bbox 252 482 382 523; x_wconf 75' lang='lat' dir='ltr'>scripsit</span> <span class='ocrx_word' id='word_1_54' title='bbox 396 492 432 513; x_wconf 70' lang='lat' dir='ltr'>ex</span> <span class='ocrx_word' id='word_1_55' title='bbox 455 481 523 513; x_wconf 85' lang='lat' dir='ltr'>libb.</span> <span class='ocrx_word' id='word_1_56' title='bbox 539 480 624 512; x_wconf 59' lang='lat' dir='ltr'>Petra·</span> <span class='ocrx_word' id='word_1_57' title='bbox 643 480 788 512; x_wconf 77' lang='lat' dir='ltr'>Danielis</span> <span class='ocrx_word' id='word_1_58' title='bbox 808 479 1046 510; x_wconf 75' lang='lat' dir='ltr'>Aurelianensis</span> <span class='ocrx_word' id='word_1_59' title='bbox 1068 478 1160 510; x_wconf 71' lang='lat'>1564.</span> <span class='ocrx_word' id='word_1_60' title='bbox 1198 479 1282 510; x_wconf 88' lang='lat' dir='ltr'>idem</span> <span class='ocrx_word' id='word_1_61' title='bbox 1302 489 1426 520; x_wconf 85' lang='lat' dir='ltr'>graeca,</span> 
     </span>
     <span class='ocr_line' id='line_1_8' title="bbox 149 532 1426 576; baseline -0.002 -10"><span class='ocrx_word' id='word_1_62' title='bbox 149 546 230 576; x_wconf 83' lang='lat' dir='ltr'>quae</span> <span class='ocrx_word' id='word_1_63' title='bbox 255 535 381 576; x_wconf 86' lang='lat' dir='ltr'>quidem</span> <span class='ocrx_word' id='word_1_64' title='bbox 405 534 530 566; x_wconf 86' lang='lat' dir='ltr'>librarii</span> <span class='ocrx_word' id='word_1_65' title='bbox 554 534 745 574; x_wconf 81' lang='lat' dir='ltr'>omiserant,</span> <span class='ocrx_word' id='word_1_66' title='bbox 768 534 803 564; x_wconf 89' lang='lat' dir='ltr'>in</span> <span class='ocrx_word' id='word_1_67' title='bbox 827 533 973 573; x_wconf 85' lang='lat' dir='ltr'>margine</span> <span class='ocrx_word' id='word_1_68' title='bbox 999 532 1159 573; x_wconf 83' lang='lat' dir='ltr'>supplevit</span> <span class='ocrx_word' id='word_1_69' title='bbox 1185 534 1217 563; x_wconf 87' lang='lat' dir='ltr'>et</span> <span class='ocrx_word' id='word_1_70' title='bbox 1241 544 1304 563; x_wconf 86' lang='lat' dir='ltr'>non</span> <span class='ocrx_word' id='word_1_71' title='bbox 1328 533 1426 564; x_wconf 88' lang='lat' dir='ltr'>nullis</span> 
     </span>
     <span class='ocr_line' id='line_1_9' title="bbox 150 586 1426 630; baseline -0.003 -10"><span class='ocrx_word' id='word_1_72' title='bbox 150 589 229 620; x_wconf 92' lang='lat' dir='ltr'>locis</span> <span class='ocrx_word' id='word_1_73' title='bbox 253 588 470 630; x_wconf 76' lang='lat' dir='ltr'>discrepantes</span> <span class='ocrx_word' id='word_1_74' title='bbox 496 588 673 629; x_wconf 89' lang='lat' dir='ltr'>scripturas</span> <span class='ocrx_word' id='word_1_75' title='bbox 698 599 714 618; x_wconf 91' lang='lat' dir='ltr'>e</span> <span class='ocrx_word' id='word_1_76' title='bbox 740 587 823 619; x_wconf 69' lang='lat' dir='ltr'>‘cod</span> <span class='ocrx_word' id='word_1_77' title='bbox 848 599 876 618; x_wconf 90' lang='lat' dir='ltr'>v.</span> <span class='ocrx_word' id='word_1_78' title='bbox 900 586 974 618; x_wconf 83' lang='lat' dir='ltr'>mS.&#39;</span> <span class='ocrx_word' id='word_1_79' title='bbox 1000 586 1050 617; x_wconf 79' lang='lat' dir='ltr'>vel</span> <span class='ocrx_word' id='word_1_80' title='bbox 1080 597 1096 617; x_wconf 90' lang='lat' dir='ltr'>e</span> <span class='ocrx_word' id='word_1_81' title='bbox 1127 586 1209 617; x_wconf 69' lang='lat' dir='ltr'>‘cod</span> <span class='ocrx_word' id='word_1_82' title='bbox 1240 586 1349 627; x_wconf 86' lang='lat' dir='ltr'>impr.’</span> <span class='ocrx_word' id='word_1_83' title='bbox 1375 586 1426 617; x_wconf 87' lang='lat' dir='ltr'>ad-</span> 
     </span>
     <span class='ocr_line' id='line_1_10' title="bbox 150 639 1428 683; baseline -0.002 -10"><span class='ocrx_word' id='word_1_84' title='bbox 150 642 239 683; x_wconf 87' lang='lat' dir='ltr'>iecit,</span> <span class='ocrx_word' id='word_1_85' title='bbox 258 644 291 673; x_wconf 86' lang='lat' dir='ltr'>et</span> <span class='ocrx_word' id='word_1_86' title='bbox 313 643 446 673; x_wconf 86' lang='lat' dir='ltr'>nomina</span> <span class='ocrx_word' id='word_1_87' title='bbox 470 642 664 682; x_wconf 87' lang='lat' dir='ltr'>scriptorum</span> <span class='ocrx_word' id='word_1_88' title='bbox 689 653 707 672; x_wconf 90' lang='lat' dir='ltr'>a</span> <span class='ocrx_word' id='word_1_89' title='bbox 728 640 839 672; x_wconf 81' lang='lat' dir='ltr'>Servio</span> <span class='ocrx_word' id='word_1_90' title='bbox 864 640 1071 672; x_wconf 87' lang='lat' dir='ltr'>laudatorum</span> <span class='ocrx_word' id='word_1_91' title='bbox 1090 640 1250 680; x_wconf 86' lang='lat' dir='ltr'>repetivit.</span> <span class='ocrx_word' id='word_1_92' title='bbox 1294 639 1428 671; x_wconf 86' lang='lat' dir='ltr'>Daniele</span> 
     </span>
     <span class='ocr_line' id='line_1_11' title="bbox 151 692 1427 736; baseline -0.003 -9"><span class='ocrx_word' id='word_1_93' title='bbox 151 697 279 727; x_wconf 88' lang='lat' dir='ltr'>mortuo</span> <span class='ocrx_word' id='word_1_94' title='bbox 303 696 401 727; x_wconf 81' lang='lat' dir='ltr'>codex</span> <span class='ocrx_word' id='word_1_95' title='bbox 424 696 458 726; x_wconf 92' lang='lat' dir='ltr'>in</span> <span class='ocrx_word' id='word_1_96' title='bbox 481 694 633 736; x_wconf 86' lang='lat' dir='ltr'>Dionysii</span> <span class='ocrx_word' id='word_1_97' title='bbox 658 695 782 726; x_wconf 87' lang='lat' dir='ltr'>Petavii</span> <span class='ocrx_word' id='word_1_98' title='bbox 806 697 876 726; x_wconf 87' lang='lat' dir='ltr'>tum</span> <span class='ocrx_word' id='word_1_99' title='bbox 907 695 940 725; x_wconf 91' lang='lat' dir='ltr'>in</span> <span class='ocrx_word' id='word_1_100' title='bbox 965 693 1148 725; x_wconf 87' lang='lat' dir='ltr'>Christinae</span> <span class='ocrx_word' id='word_1_101' title='bbox 1174 692 1350 724; x_wconf 78' lang='lat' dir='ltr'>Suecorum</span> <span class='ocrx_word' id='word_1_102' title='bbox 1380 705 1427 724; x_wconf 84' lang='lat' dir='ltr'>re—</span> 
     </span>
     <span class='ocr_line' id='line_1_12' title="bbox 151 747 1360 790; baseline -0.002 -10"><span class='ocrx_word' id='word_1_103' title='bbox 151 749 246 790; x_wconf 85' lang='lat' dir='ltr'>ginae</span> <span class='ocrx_word' id='word_1_104' title='bbox 270 749 504 780; x_wconf 77' lang='lat' dir='ltr'>bibliothecam</span> <span class='ocrx_word' id='word_1_105' title='bbox 527 749 706 780; x_wconf 88' lang='lat' dir='ltr'>translatus</span> <span class='ocrx_word' id='word_1_106' title='bbox 731 751 788 780; x_wconf 85' lang='lat' dir='ltr'>est.</span> <span class='ocrx_word' id='word_1_107' title='bbox 818 747 942 780; x_wconf 88' lang='lat' dir='ltr'>contuli</span> <span class='ocrx_word' id='word_1_108' title='bbox 968 758 1040 778; x_wconf 87' lang='lat' dir='ltr'>eum</span> <span class='ocrx_word' id='word_1_109' title='bbox 1065 747 1187 778; x_wconf 83' lang='lat' dir='ltr'>Romae</span> <span class='ocrx_word' id='word_1_110' title='bbox 1213 758 1239 777; x_wconf 81' lang='lat' dir='ltr'>a.</span> <span class='ocrx_word' id='word_1_111' title='bbox 1268 747 1360 778; x_wconf 77' lang='lat'>1857.</span> 
     </span>
    </p>

    <p class='ocr_par' dir='ltr' id='par_1_3' title="bbox 148 800 1429 1317">
     <span class='ocr_line' id='line_1_13' title="bbox 239 800 1428 842; baseline -0.002 -9"><span class='ocrx_word' id='word_1_112' title='bbox 239 802 524 834; x_wconf 86' lang='lat' dir='ltr'>Laurentianus</span> <span class='ocrx_word' id='word_1_113' title='bbox 554 802 769 834; x_wconf 82' lang='lat' dir='ltr'>bibliothecae</span> <span class='ocrx_word' id='word_1_114' title='bbox 795 800 930 833; x_wconf 82' lang='lat' dir='ltr'>Sanctae</span> <span class='ocrx_word' id='word_1_115' title='bbox 955 800 1067 832; x_wconf 82' lang='lat' dir='ltr'>Crucis</span> <span class='ocrx_word' id='word_1_116' title='bbox 1091 801 1171 842; x_wconf 89' lang='lat' dir='ltr'>plut.</span> <span class='ocrx_word' id='word_1_117' title='bbox 1195 800 1288 831; x_wconf 78' lang='lat' dir='ltr'>XXII</span> <span class='ocrx_word' id='word_1_118' title='bbox 1313 800 1379 831; x_wconf 87' lang='lat' dir='ltr'>cod.</span> <span class='ocrx_word' id='word_1_119' title='bbox 1402 801 1428 831; x_wconf 87' lang='lat'>1.</span> 
     </span>
     <span class='ocr_line' id='line_1_14' title="bbox 151 854 1428 896; baseline -0.002 -10"><span class='ocrx_word' id='word_1_120' title='bbox 151 855 347 887; x_wconf 89' lang='lat' dir='ltr'>membranis</span> <span class='ocrx_word' id='word_1_121' title='bbox 375 856 433 887; x_wconf 86' lang='lat'>181</span> <span class='ocrx_word' id='word_1_122' title='bbox 460 856 584 887; x_wconf 83' lang='lat' dir='ltr'>formae</span> <span class='ocrx_word' id='word_1_123' title='bbox 609 856 768 887; x_wconf 82' lang='lat' dir='ltr'>maximae</span> <span class='ocrx_word' id='word_1_124' title='bbox 793 855 847 887; x_wconf 91' lang='lat' dir='ltr'>sed</span> <span class='ocrx_word' id='word_1_125' title='bbox 872 855 912 886; x_wconf 92' lang='lat' dir='ltr'>ad</span> <span class='ocrx_word' id='word_1_126' title='bbox 937 854 1125 896; x_wconf 84' lang='lat' dir='ltr'>quadratam</span> <span class='ocrx_word' id='word_1_127' title='bbox 1151 854 1330 885; x_wconf 85' lang='lat' dir='ltr'>accedentis</span> <span class='ocrx_word' id='word_1_128' title='bbox 1356 865 1428 885; x_wconf 86' lang='lat' dir='ltr'>con-</span> 
     </span>
     <span class='ocr_line' id='line_1_15' title="bbox 153 907 1428 950; baseline -0.002 -10"><span class='ocrx_word' id='word_1_129' title='bbox 153 911 220 940; x_wconf 90' lang='lat' dir='ltr'>stat</span> <span class='ocrx_word' id='word_1_130' title='bbox 243 911 276 940; x_wconf 88' lang='lat' dir='ltr'>et</span> <span class='ocrx_word' id='word_1_131' title='bbox 299 909 549 941; x_wconf 85' lang='lat' dir='ltr'>commentarios</span> <span class='ocrx_word' id='word_1_132' title='bbox 570 909 610 941; x_wconf 88' lang='lat' dir='ltr'>ad</span> <span class='ocrx_word' id='word_1_133' title='bbox 626 920 738 940; x_wconf 88' lang='lat' dir='ltr'>omnes</span> <span class='ocrx_word' id='word_1_134' title='bbox 753 909 893 950; x_wconf 85' lang='lat' dir='ltr'>Vergilii</span> <span class='ocrx_word' id='word_1_135' title='bbox 916 909 1019 940; x_wconf 90' lang='lat' dir='ltr'>libros</span> <span class='ocrx_word' id='word_1_136' title='bbox 1045 907 1152 939; x_wconf 84' lang='lat' dir='ltr'>habet.</span> <span class='ocrx_word' id='word_1_137' title='bbox 1194 908 1226 939; x_wconf 88' lang='grc'>111</span> <span class='ocrx_word' id='word_1_138' title='bbox 1251 908 1346 938; x_wconf 86' lang='lat' dir='ltr'>initio</span> <span class='ocrx_word' id='word_1_139' title='bbox 1366 907 1428 938; x_wconf 91' lang='lat' dir='ltr'>duo</span> 
     </span>
     <span class='ocr_line' id='line_1_16' title="bbox 148 961 1427 1004; baseline -0.002 -10"><span class='ocrx_word' id='word_1_140' title='bbox 148 962 227 994; x_wconf 88' lang='lat' dir='ltr'>folia</span> <span class='ocrx_word' id='word_1_141' title='bbox 251 963 379 994; x_wconf 88' lang='lat' dir='ltr'>saeculo</span> <span class='ocrx_word' id='word_1_142' title='bbox 403 963 527 994; x_wconf 88' lang='lat' dir='ltr'>decimo</span> <span class='ocrx_word' id='word_1_143' title='bbox 552 963 647 994; x_wconf 90' lang='lat' dir='ltr'>tertio</span> <span class='ocrx_word' id='word_1_144' title='bbox 673 963 822 1004; x_wconf 87' lang='lat' dir='ltr'>suppleta</span> <span class='ocrx_word' id='word_1_145' title='bbox 842 965 931 1003; x_wconf 86' lang='lat' dir='ltr'>sunt,</span> <span class='ocrx_word' id='word_1_146' title='bbox 955 962 1037 993; x_wconf 90' lang='lat' dir='ltr'>unde</span> <span class='ocrx_word' id='word_1_147' title='bbox 1063 961 1271 1002; x_wconf 86' lang='lat' dir='ltr'>repetendum</span> <span class='ocrx_word' id='word_1_148' title='bbox 1301 961 1427 992; x_wconf 84' lang='lat' dir='ltr'>videtur</span> 
     </span>
     <span class='ocr_line' id='line_1_17' title="bbox 149 1013 1427 1058; baseline -0.002 -11"><span class='ocrx_word' id='word_1_149' title='bbox 149 1016 232 1057; x_wconf 86' lang='lat' dir='ltr'>quod</span> <span class='ocrx_word' id='word_1_150' title='bbox 256 1016 417 1048; x_wconf 84' lang='lat' dir='ltr'>Honorati</span> <span class='ocrx_word' id='word_1_151' title='bbox 442 1027 620 1058; x_wconf 82' lang='lat' dir='ltr'>cognomen</span> <span class='ocrx_word' id='word_1_152' title='bbox 638 1016 749 1047; x_wconf 76' lang='lat' dir='ltr'>Servio</span> <span class='ocrx_word' id='word_1_153' title='bbox 774 1017 808 1047; x_wconf 91' lang='lat' dir='ltr'>in</span> <span class='ocrx_word' id='word_1_154' title='bbox 832 1016 929 1047; x_wconf 89' lang='lat' dir='ltr'>titulo</span> <span class='ocrx_word' id='word_1_155' title='bbox 954 1016 1028 1047; x_wconf 91' lang='lat' dir='ltr'>libri</span> <span class='ocrx_word' id='word_1_156' title='bbox 1053 1015 1164 1046; x_wconf 87' lang='lat' dir='ltr'>datum</span> <span class='ocrx_word' id='word_1_157' title='bbox 1190 1018 1247 1046; x_wconf 85' lang='lat' dir='ltr'>est.</span> <span class='ocrx_word' id='word_1_158' title='bbox 1280 1015 1314 1045; x_wconf 92' lang='lat' dir='ltr'>in</span> <span class='ocrx_word' id='word_1_159' title='bbox 1328 1013 1427 1046; x_wconf 87' lang='lat' dir='ltr'>Fran-</span> 
     </span>
     <span class='ocr_line' id='line_1_18' title="bbox 149 1068 1427 1111; baseline -0.002 -10"><span class='ocrx_word' id='word_1_160' title='bbox 149 1070 198 1101; x_wconf 86' lang='lat' dir='ltr'>cia</span> <span class='ocrx_word' id='word_1_161' title='bbox 231 1070 373 1101; x_wconf 85' lang='lat' dir='ltr'>codicem</span> <span class='ocrx_word' id='word_1_162' title='bbox 407 1071 562 1111; x_wconf 83' lang='lat' dir='ltr'>scriptum</span> <span class='ocrx_word' id='word_1_163' title='bbox 596 1081 665 1102; x_wconf 89' lang='lat' dir='ltr'>esse</span> <span class='ocrx_word' id='word_1_164' title='bbox 697 1070 747 1101; x_wconf 92' lang='lat' dir='ltr'>his</span> <span class='ocrx_word' id='word_1_165' title='bbox 782 1070 964 1101; x_wconf 84' lang='lat' dir='ltr'>ostenditur</span> <span class='ocrx_word' id='word_1_166' title='bbox 996 1080 1076 1110; x_wconf 83' lang='lat' dir='ltr'>quae</span> <span class='ocrx_word' id='word_1_167' title='bbox 1110 1069 1143 1100; x_wconf 91' lang='lat' dir='ltr'>in</span> <span class='ocrx_word' id='word_1_168' title='bbox 1172 1071 1317 1100; x_wconf 86' lang='lat' dir='ltr'>extremo</span> <span class='ocrx_word' id='word_1_169' title='bbox 1348 1068 1427 1100; x_wconf 87' lang='lat' dir='ltr'>folio</span> 
     </span>
     <span class='ocr_line' id='line_1_19' title="bbox 150 1122 1427 1165; baseline -0.001 -11"><span class='ocrx_word' id='word_1_170' title='bbox 150 1123 302 1165; x_wconf 86' lang='lat' dir='ltr'>leguntur</span> <span class='ocrx_word' id='word_1_171' title='bbox 326 1124 505 1156; x_wconf 72' lang='lat' dir='ltr'>Alexander</span> <span class='ocrx_word' id='word_1_172' title='bbox 528 1125 683 1164; x_wconf 66' lang='lat' dir='ltr'>episcopm</span> <span class='ocrx_word' id='word_1_173' title='bbox 710 1134 818 1155; x_wconf 69' lang='lat' dir='ltr'>sericus</span> <span class='ocrx_word' id='word_1_174' title='bbox 845 1134 1002 1155; x_wconf 70' lang='lat' dir='ltr'>sericorum</span> <span class='ocrx_word' id='word_1_175' title='bbox 1033 1124 1080 1154; x_wconf 78' lang='lat' dir='ltr'>(lei</span> <span class='ocrx_word' id='word_1_176' title='bbox 1107 1123 1212 1154; x_wconf 73' lang='lat' dir='ltr'>dilecto</span> <span class='ocrx_word' id='word_1_177' title='bbox 1239 1122 1335 1162; x_wconf 67' lang='lat' dir='ltr'>fratri</span> <span class='ocrx_word' id='word_1_178' title='bbox 1359 1148 1365 1153; x_wconf 94' lang='lat'>.</span> <span class='ocrx_word' id='word_1_179' title='bbox 1390 1148 1396 1154; x_wconf 93' lang='lat'>.</span> <span class='ocrx_word' id='word_1_180' title='bbox 1422 1148 1427 1153; x_wconf 95' lang='lat'>.</span> 
     </span>
     <span class='ocr_line' id='line_1_20' title="bbox 149 1177 1429 1219; baseline -0.001 -11"><span class='ocrx_word' id='word_1_181' title='bbox 149 1178 197 1208; x_wconf 81' lang='lat' dir='ltr'>(lei</span> <span class='ocrx_word' id='word_1_182' title='bbox 216 1178 320 1218; x_wconf 60' lang='lat' dir='ltr'>⁴qratia</span> <span class='ocrx_word' id='word_1_183' title='bbox 339 1179 510 1218; x_wconf 71' lang='lat' dir='ltr'>parisiensi</span> <span class='ocrx_word' id='word_1_184' title='bbox 533 1179 667 1219; x_wconf 70' lang='lat' dir='ltr'>episcopo</span> <span class='ocrx_word' id='word_1_185' title='bbox 686 1178 815 1209; x_wconf 67' lang='lat' dir='ltr'>salutem</span> <span class='ocrx_word' id='word_1_186' title='bbox 832 1180 860 1209; x_wconf 78' lang='lat' dir='ltr'>et</span> <span class='ocrx_word' id='word_1_187' title='bbox 878 1178 1074 1218; x_wconf 68' lang='lat' dir='ltr'>apostolicam</span> <span class='ocrx_word' id='word_1_188' title='bbox 1092 1177 1331 1208; x_wconf 74' lang='lat' dir='ltr'>benedictionem.</span> <span class='ocrx_word' id='word_1_189' title='bbox 1357 1187 1429 1208; x_wconf 83' lang='lat' dir='ltr'>con-</span> 
     </span>
     <span class='ocr_line' id='line_1_21' title="bbox 149 1230 1428 1272; baseline 0 -11"><span class='ocrx_word' id='word_1_190' title='bbox 149 1231 209 1262; x_wconf 89' lang='lat' dir='ltr'>tuli</span> <span class='ocrx_word' id='word_1_191' title='bbox 225 1242 296 1262; x_wconf 87' lang='lat' dir='ltr'>cum</span> <span class='ocrx_word' id='word_1_192' title='bbox 320 1231 381 1262; x_wconf 89' lang='grc'>1100</span> <span class='ocrx_word' id='word_1_193' title='bbox 406 1232 514 1263; x_wconf 86' lang='grc'>00(1100</span> <span class='ocrx_word' id='word_1_194' title='bbox 539 1232 809 1263; x_wconf 87' lang='lat' dir='ltr'>commentarium</span> <span class='ocrx_word' id='word_1_195' title='bbox 825 1231 859 1262; x_wconf 89' lang='lat' dir='ltr'>in</span> <span class='ocrx_word' id='word_1_196' title='bbox 880 1234 1030 1272; x_wconf 86' lang='lat' dir='ltr'>quartum</span> <span class='ocrx_word' id='word_1_197' title='bbox 1056 1233 1088 1261; x_wconf 88' lang='lat' dir='ltr'>et</span> <span class='ocrx_word' id='word_1_198' title='bbox 1107 1231 1255 1271; x_wconf 88' lang='lat' dir='ltr'>quintum</span> <span class='ocrx_word' id='word_1_199' title='bbox 1276 1230 1428 1261; x_wconf 86' lang='lat' dir='ltr'>Aeneidis</span> 
     </span>
     <span class='ocr_line' id='line_1_22' title="bbox 149 1284 707 1317; baseline 0.004 -3"><span class='ocrx_word' id='word_1_200' title='bbox 149 1284 269 1315; x_wconf 88' lang='lat' dir='ltr'>librum</span> <span class='ocrx_word' id='word_1_201' title='bbox 292 1284 477 1317; x_wconf 86' lang='lat' dir='ltr'>Florentiae</span> <span class='ocrx_word' id='word_1_202' title='bbox 502 1296 586 1317; x_wconf 81' lang='lat' dir='ltr'>anno</span> <span class='ocrx_word' id='word_1_203' title='bbox 615 1286 707 1317; x_wconf 78' lang='grc'>1857.</span> 
     </span>
    </p>

    <p class='ocr_par' dir='ltr' id='par_1_4' title="bbox 151 1337 1431 1915">
     <span class='ocr_line' id='line_1_23' title="bbox 240 1337 1429 1380; baseline -0.001 -11"><span class='ocrx_word' id='word_1_204' title='bbox 240 1337 514 1380; x_wconf 78' lang='lat' dir='ltr'>Sangallenses</span> <span class='ocrx_word' id='word_1_205' title='bbox 545 1339 606 1370; x_wconf 84' lang='grc'>861</span> <span class='ocrx_word' id='word_1_206' title='bbox 639 1341 671 1370; x_wconf 85' lang='lat' dir='ltr'>et</span> <span class='ocrx_word' id='word_1_207' title='bbox 695 1339 759 1370; x_wconf 71' lang='lat'>862</span> <span class='ocrx_word' id='word_1_208' title='bbox 790 1341 821 1369; x_wconf 84' lang='lat' dir='ltr'>et</span> <span class='ocrx_word' id='word_1_209' title='bbox 845 1339 1108 1369; x_wconf 82' lang='lat' dir='ltr'>membranarum</span> <span class='ocrx_word' id='word_1_210' title='bbox 1133 1337 1250 1377; x_wconf 85' lang='lat' dir='ltr'>forma,</span> <span class='ocrx_word' id='word_1_211' title='bbox 1275 1348 1356 1378; x_wconf 85' lang='lat' dir='ltr'>quae</span> <span class='ocrx_word' id='word_1_212' title='bbox 1380 1340 1429 1368; x_wconf 89' lang='lat' dir='ltr'>est</span> 
     </span>
     <span class='ocr_line' id='line_1_24' title="bbox 151 1391 1429 1433; baseline -0.001 -11"><span class='ocrx_word' id='word_1_213' title='bbox 151 1391 307 1432; x_wconf 85' lang='lat' dir='ltr'>quadrata</span> <span class='ocrx_word' id='word_1_214' title='bbox 330 1392 466 1423; x_wconf 89' lang='lat' dir='ltr'>minoris</span> <span class='ocrx_word' id='word_1_215' title='bbox 490 1403 674 1432; x_wconf 85' lang='lat' dir='ltr'>mensurae,</span> <span class='ocrx_word' id='word_1_216' title='bbox 699 1395 730 1423; x_wconf 93' lang='lat' dir='ltr'>et</span> <span class='ocrx_word' id='word_1_217' title='bbox 755 1393 932 1433; x_wconf 85' lang='lat' dir='ltr'>scripturae</span> <span class='ocrx_word' id='word_1_218' title='bbox 957 1392 1141 1432; x_wconf 81' lang='lat' dir='ltr'>diligentia,</span> <span class='ocrx_word' id='word_1_219' title='bbox 1166 1393 1197 1422; x_wconf 92' lang='lat' dir='ltr'>et</span> <span class='ocrx_word' id='word_1_220' title='bbox 1220 1401 1370 1422; x_wconf 82' lang='lat' dir='ltr'>versuum</span> <span class='ocrx_word' id='word_1_221' title='bbox 1395 1391 1429 1421; x_wconf 91' lang='grc'>111</span> 
     </span>
     <span class='ocr_line' id='line_1_25' title="bbox 152 1445 1430 1486; baseline 0 -11"><span class='ocrx_word' id='word_1_222' title='bbox 152 1445 289 1486; x_wconf 87' lang='lat' dir='ltr'>singulis</span> <span class='ocrx_word' id='word_1_223' title='bbox 314 1445 442 1486; x_wconf 85' lang='lat' dir='ltr'>paginis</span> <span class='ocrx_word' id='word_1_224' title='bbox 468 1448 674 1477; x_wconf 81' lang='lat' dir='ltr'>exaratorum</span> <span class='ocrx_word' id='word_1_225' title='bbox 699 1457 832 1477; x_wconf 88' lang='lat' dir='ltr'>numero</span> <span class='ocrx_word' id='word_1_226' title='bbox 857 1448 924 1477; x_wconf 89' lang='lat' dir='ltr'>tam</span> <span class='ocrx_word' id='word_1_227' title='bbox 955 1445 1077 1477; x_wconf 86' lang='lat' dir='ltr'>similes</span> <span class='ocrx_word' id='word_1_228' title='bbox 1107 1446 1182 1475; x_wconf 83' lang='lat' dir='ltr'>sunt</span> <span class='ocrx_word' id='word_1_229' title='bbox 1205 1445 1289 1475; x_wconf 89' lang='lat' dir='ltr'>inter</span> <span class='ocrx_word' id='word_1_230' title='bbox 1319 1455 1365 1485; x_wconf 92' lang='lat' dir='ltr'>se,</span> <span class='ocrx_word' id='word_1_231' title='bbox 1393 1447 1430 1476; x_wconf 86' lang='lat' dir='ltr'>ut</span> 
     </span>
     <span class='ocr_line' id='line_1_26' title="bbox 152 1498 1429 1540; baseline 0 -11"><span class='ocrx_word' id='word_1_232' title='bbox 152 1498 294 1529; x_wconf 90' lang='lat' dir='ltr'>dubitari</span> <span class='ocrx_word' id='word_1_233' title='bbox 313 1509 378 1529; x_wconf 90' lang='grc'>11011</span> <span class='ocrx_word' id='word_1_234' title='bbox 401 1499 507 1539; x_wconf 88' lang='lat' dir='ltr'>possit</span> <span class='ocrx_word' id='word_1_235' title='bbox 531 1499 607 1539; x_wconf 85' lang='lat' dir='ltr'>quin</span> <span class='ocrx_word' id='word_1_236' title='bbox 630 1510 689 1540; x_wconf 89' lang='lat' dir='ltr'>pro</span> <span class='ocrx_word' id='word_1_237' title='bbox 714 1510 777 1530; x_wconf 89' lang='lat' dir='ltr'>uno</span> <span class='ocrx_word' id='word_1_238' title='bbox 802 1499 887 1530; x_wconf 88' lang='lat' dir='ltr'>libro</span> <span class='ocrx_word' id='word_1_239' title='bbox 902 1499 1044 1530; x_wconf 85' lang='lat' dir='ltr'>habendi</span> <span class='ocrx_word' id='word_1_240' title='bbox 1065 1499 1138 1529; x_wconf 85' lang='lat' dir='ltr'>sint.</span> <span class='ocrx_word' id='word_1_241' title='bbox 1176 1498 1360 1529; x_wconf 85' lang='lat' dir='ltr'>continetur</span> <span class='ocrx_word' id='word_1_242' title='bbox 1379 1498 1429 1529; x_wconf 86' lang='lat' dir='ltr'>his</span> 
     </span>
     <span class='ocr_line' id='line_1_27' title="bbox 153 1551 1430 1593; baseline 0.001 -11"><span class='ocrx_word' id='word_1_243' title='bbox 153 1551 329 1592; x_wconf 82' lang='lat' dir='ltr'>codicibus,</span> <span class='ocrx_word' id='word_1_244' title='bbox 358 1562 493 1592; x_wconf 80' lang='lat' dir='ltr'>quorum</span> <span class='ocrx_word' id='word_1_245' title='bbox 522 1553 612 1593; x_wconf 88' lang='lat' dir='ltr'>prior</span> <span class='ocrx_word' id='word_1_246' title='bbox 639 1553 713 1593; x_wconf 77' lang='lat'>158,</span> <span class='ocrx_word' id='word_1_247' title='bbox 743 1553 824 1584; x_wconf 90' lang='lat' dir='ltr'>alter</span> <span class='ocrx_word' id='word_1_248' title='bbox 851 1553 914 1584; x_wconf 74' lang='lat'>184</span> <span class='ocrx_word' id='word_1_249' title='bbox 942 1553 1030 1584; x_wconf 82' lang='lat' dir='ltr'>foliis</span> <span class='ocrx_word' id='word_1_250' title='bbox 1062 1554 1202 1592; x_wconf 82' lang='lat' dir='ltr'>constat,</span> <span class='ocrx_word' id='word_1_251' title='bbox 1234 1554 1430 1583; x_wconf 86' lang='lat' dir='ltr'>commenta-</span> 
     </span>
     <span class='ocr_line' id='line_1_28' title="bbox 152 1604 1430 1647; baseline 0.001 -12"><span class='ocrx_word' id='word_1_252' title='bbox 152 1605 219 1635; x_wconf 90' lang='lat' dir='ltr'>rius</span> <span class='ocrx_word' id='word_1_253' title='bbox 244 1605 277 1636; x_wconf 88' lang='lat' dir='ltr'>iu</span> <span class='ocrx_word' id='word_1_254' title='bbox 301 1604 460 1637; x_wconf 88' lang='lat' dir='ltr'>Aeneidos</span> <span class='ocrx_word' id='word_1_255' title='bbox 485 1605 587 1637; x_wconf 87' lang='lat' dir='ltr'>libros</span> <span class='ocrx_word' id='word_1_256' title='bbox 611 1605 781 1647; x_wconf 75' lang='lat' dir='ltr'>VI—XH,</span> <span class='ocrx_word' id='word_1_257' title='bbox 806 1607 857 1637; x_wconf 85' lang='lat' dir='ltr'>cui</span> <span class='ocrx_word' id='word_1_258' title='bbox 880 1606 1073 1646; x_wconf 83' lang='lat' dir='ltr'>inscriptum</span> <span class='ocrx_word' id='word_1_259' title='bbox 1094 1608 1143 1636; x_wconf 82' lang='lat' dir='ltr'>est</span> <span class='ocrx_word' id='word_1_260' title='bbox 1168 1614 1299 1636; x_wconf 70' lang='lat' dir='ltr'>1NC1P1T</span> <span class='ocrx_word' id='word_1_261' title='bbox 1325 1614 1430 1637; x_wconf 80' lang='lat' dir='ltr'>Expo-</span> 
     </span>
     <span class='ocr_line' id='line_1_29' title="bbox 153 1659 1430 1691; baseline 0.002 -3"><span class='ocrx_word' id='word_1_262' title='bbox 153 1666 245 1689; x_wconf 85' lang='lat' dir='ltr'>SITIO</span> <span class='ocrx_word' id='word_1_263' title='bbox 271 1666 382 1690; x_wconf 80' lang='lat' dir='ltr'>SERvn</span> <span class='ocrx_word' id='word_1_264' title='bbox 407 1668 453 1689; x_wconf 81' lang='lat' dir='ltr'>DE</span> <span class='ocrx_word' id='word_1_265' title='bbox 480 1668 591 1691; x_wconf 73' lang='lat' dir='ltr'>snxro</span> <span class='ocrx_word' id='word_1_266' title='bbox 617 1668 722 1691; x_wconf 82' lang='lat' dir='ltr'>LIBRO</span> <span class='ocrx_word' id='word_1_267' title='bbox 747 1668 930 1691; x_wconf 71' lang='lat' dir='ltr'>AENEIDos.</span> <span class='ocrx_word' id='word_1_268' title='bbox 963 1659 1117 1690; x_wconf 85' lang='lat' dir='ltr'>lemmata</span> <span class='ocrx_word' id='word_1_269' title='bbox 1138 1659 1324 1691; x_wconf 85' lang='lat' dir='ltr'>maiusculis</span> <span class='ocrx_word' id='word_1_270' title='bbox 1344 1659 1430 1691; x_wconf 84' lang='lat' dir='ltr'>litte-</span> 
     </span>
     <span class='ocr_line' id='line_1_30' title="bbox 152 1711 1431 1754; baseline 0.001 -12"><span class='ocrx_word' id='word_1_271' title='bbox 152 1711 197 1742; x_wconf 90' lang='lat' dir='ltr'>ris</span> <span class='ocrx_word' id='word_1_272' title='bbox 221 1712 342 1753; x_wconf 86' lang='lat' dir='ltr'>scripta</span> <span class='ocrx_word' id='word_1_273' title='bbox 366 1715 450 1744; x_wconf 87' lang='lat' dir='ltr'>sunt.</span> <span class='ocrx_word' id='word_1_274' title='bbox 494 1712 597 1744; x_wconf 81' lang='lat' dir='ltr'>Servii</span> <span class='ocrx_word' id='word_1_275' title='bbox 628 1713 897 1745; x_wconf 87' lang='lat' dir='ltr'>commentarium</span> <span class='ocrx_word' id='word_1_276' title='bbox 922 1713 1065 1753; x_wconf 84' lang='lat' dir='ltr'>sequitur</span> <span class='ocrx_word' id='word_1_277' title='bbox 1095 1713 1163 1744; x_wconf 74' lang='lat' dir='ltr'>vita</span> <span class='ocrx_word' id='word_1_278' title='bbox 1186 1712 1325 1754; x_wconf 88' lang='lat' dir='ltr'>Vergilii</span> <span class='ocrx_word' id='word_1_279' title='bbox 1350 1724 1431 1754; x_wconf 90' lang='lat' dir='ltr'>quae</span> 
     </span>
     <span class='ocr_line' id='line_1_31' title="bbox 154 1764 1430 1807; baseline 0.002 -12"><span class='ocrx_word' id='word_1_280' title='bbox 154 1764 282 1796; x_wconf 88' lang='lat' dir='ltr'>Donato</span> <span class='ocrx_word' id='word_1_281' title='bbox 307 1766 474 1804; x_wconf 87' lang='lat' dir='ltr'>tribuitur,</span> <span class='ocrx_word' id='word_1_282' title='bbox 499 1777 595 1807; x_wconf 87' lang='lat' dir='ltr'>quam</span> <span class='ocrx_word' id='word_1_283' title='bbox 619 1778 657 1798; x_wconf 89' lang='lat' dir='ltr'>ex</span> <span class='ocrx_word' id='word_1_284' title='bbox 680 1767 741 1798; x_wconf 92' lang='lat' dir='ltr'>hoc</span> <span class='ocrx_word' id='word_1_285' title='bbox 766 1767 904 1798; x_wconf 78' lang='lat' dir='ltr'>maxime</span> <span class='ocrx_word' id='word_1_286' title='bbox 928 1766 1036 1798; x_wconf 88' lang='lat' dir='ltr'>codice</span> <span class='ocrx_word' id='word_1_287' title='bbox 1056 1766 1257 1797; x_wconf 87' lang='lat' dir='ltr'>emendatam</span> <span class='ocrx_word' id='word_1_288' title='bbox 1274 1765 1430 1807; x_wconf 85' lang='lat' dir='ltr'>Hagenus</span> 
     </span>
     <span class='ocr_line' id='line_1_32' title="bbox 155 1818 1431 1852; baseline 0.002 -4"><span class='ocrx_word' id='word_1_289' title='bbox 155 1829 228 1848; x_wconf 91' lang='lat' dir='ltr'>cum</span> <span class='ocrx_word' id='word_1_290' title='bbox 252 1818 382 1850; x_wconf 85' lang='lat' dir='ltr'>scholiis</span> <span class='ocrx_word' id='word_1_291' title='bbox 411 1819 631 1851; x_wconf 87' lang='lat' dir='ltr'>Bernensibus</span> <span class='ocrx_word' id='word_1_292' title='bbox 656 1821 764 1852; x_wconf 88' lang='lat' dir='ltr'>edidit.</span> <span class='ocrx_word' id='word_1_293' title='bbox 808 1821 893 1852; x_wconf 88' lang='lat' dir='ltr'>idem</span> <span class='ocrx_word' id='word_1_294' title='bbox 922 1823 1027 1852; x_wconf 87' lang='lat' dir='ltr'>totum</span> <span class='ocrx_word' id='word_1_295' title='bbox 1059 1819 1200 1851; x_wconf 89' lang='lat' dir='ltr'>codicem</span> <span class='ocrx_word' id='word_1_296' title='bbox 1230 1831 1314 1851; x_wconf 86' lang='lat' dir='ltr'>anno</span> <span class='ocrx_word' id='word_1_297' title='bbox 1347 1820 1431 1851; x_wconf 80' lang='lat'>1865</span> 
     </span>
     <span class='ocr_line' id='line_1_33' title="bbox 156 1871 1013 1915; baseline 0.005 -14"><span class='ocrx_word' id='word_1_298' title='bbox 156 1871 295 1902; x_wconf 88' lang='lat' dir='ltr'>contulit</span> <span class='ocrx_word' id='word_1_299' title='bbox 318 1875 350 1903; x_wconf 89' lang='lat' dir='ltr'>et</span> <span class='ocrx_word' id='word_1_300' title='bbox 373 1884 453 1913; x_wconf 89' lang='lat' dir='ltr'>quae</span> <span class='ocrx_word' id='word_1_301' title='bbox 478 1873 694 1915; x_wconf 83' lang='lat' dir='ltr'>exscripserat</span> <span class='ocrx_word' id='word_1_302' title='bbox 718 1874 799 1905; x_wconf 91' lang='lat' dir='ltr'>mihi</span> <span class='ocrx_word' id='word_1_303' title='bbox 823 1874 1013 1905; x_wconf 89' lang='lat' dir='ltr'>transmisit.</span> 
     </span>
    </p>

    <p class='ocr_par' dir='ltr' id='par_1_5' title="bbox 157 1924 1435 2341">
     <span class='ocr_line' id='line_1_34' title="bbox 171 1924 1431 1968; baseline 0.001 -13"><span class='ocrx_word' id='word_1_304' title='bbox 171 1926 173 1928; x_wconf 72' lang='grc'><strong><em>’</em></strong></span> <span class='ocrx_word' id='word_1_305' title='bbox 244 1924 451 1957; x_wconf 87' lang='lat' dir='ltr'>Vndecimo</span> <span class='ocrx_word' id='word_1_306' title='bbox 477 1926 605 1958; x_wconf 86' lang='lat' dir='ltr'>saeculo</span> <span class='ocrx_word' id='word_1_307' title='bbox 630 1937 668 1958; x_wconf 87' lang='lat' dir='ltr'>ex</span> <span class='ocrx_word' id='word_1_308' title='bbox 693 1927 738 1958; x_wconf 91' lang='lat' dir='ltr'>eis</span> <span class='ocrx_word' id='word_1_309' title='bbox 764 1927 880 1968; x_wconf 88' lang='lat' dir='ltr'>quibus</span> <span class='ocrx_word' id='word_1_310' title='bbox 906 1937 966 1968; x_wconf 89' lang='lat' dir='ltr'>ego</span> <span class='ocrx_word' id='word_1_311' title='bbox 992 1938 1068 1958; x_wconf 89' lang='lat' dir='ltr'>usus</span> <span class='ocrx_word' id='word_1_312' title='bbox 1094 1938 1165 1958; x_wconf 84' lang='lat' dir='ltr'>sum</span> <span class='ocrx_word' id='word_1_313' title='bbox 1195 1927 1287 1958; x_wconf 88' lang='lat' dir='ltr'>libris</span> <span class='ocrx_word' id='word_1_314' title='bbox 1319 1927 1431 1967; x_wconf 89' lang='lat' dir='ltr'>scripti</span> 
     </span>
     <span class='ocr_line' id='line_1_35' title="bbox 157 1977 1432 2022; baseline 0.002 -14"><span class='ocrx_word' id='word_1_315' title='bbox 157 1980 232 2009; x_wconf 89' lang='lat' dir='ltr'>sunt</span> <span class='ocrx_word' id='word_1_316' title='bbox 254 1977 564 2020; x_wconf 86' lang='lat' dir='ltr'>Hamburgensis</span> <span class='ocrx_word' id='word_1_317' title='bbox 589 1982 621 2011; x_wconf 92' lang='lat' dir='ltr'>et</span> <span class='ocrx_word' id='word_1_318' title='bbox 640 1979 888 2012; x_wconf 86' lang='lat' dir='ltr'>Monacensis</span> <span class='ocrx_word' id='word_1_319' title='bbox 912 1980 940 2011; x_wconf 89' lang='lat' dir='ltr'>is</span> <span class='ocrx_word' id='word_1_320' title='bbox 956 1981 1010 2022; x_wconf 90' lang='lat' dir='ltr'>qui</span> <span class='ocrx_word' id='word_1_321' title='bbox 1031 1980 1108 2011; x_wconf 91' lang='lat' dir='ltr'>olim</span> <span class='ocrx_word' id='word_1_322' title='bbox 1123 1980 1342 2021; x_wconf 88' lang='lat' dir='ltr'>Frisingensis</span> <span class='ocrx_word' id='word_1_323' title='bbox 1363 1980 1432 2011; x_wconf 82' lang='lat' dir='ltr'>fuit.</span> 
     </span>
     <span class='ocr_line' id='line_1_36' title="bbox 157 2031 1433 2075; baseline 0.002 -13"><span class='ocrx_word' id='word_1_324' title='bbox 157 2031 212 2062; x_wconf 90' lang='lat' dir='ltr'>ille</span> <span class='ocrx_word' id='word_1_325' title='bbox 236 2031 353 2073; x_wconf 86' lang='lat' dir='ltr'>igitur,</span> <span class='ocrx_word' id='word_1_326' title='bbox 376 2032 594 2064; x_wconf 87' lang='lat' dir='ltr'>bibliothecae</span> <span class='ocrx_word' id='word_1_327' title='bbox 622 2033 751 2064; x_wconf 87' lang='lat' dir='ltr'>urbicae</span> <span class='ocrx_word' id='word_1_328' title='bbox 776 2033 1035 2075; x_wconf 84' lang='lat' dir='ltr'>Hamburgensis</span> <span class='ocrx_word' id='word_1_329' title='bbox 1060 2034 1115 2074; x_wconf 73' lang='lat'>52,</span> <span class='ocrx_word' id='word_1_330' title='bbox 1144 2033 1223 2065; x_wconf 85' lang='lat' dir='ltr'>folia</span> <span class='ocrx_word' id='word_1_331' title='bbox 1247 2033 1311 2064; x_wconf 73' lang='lat'>250</span> <span class='ocrx_word' id='word_1_332' title='bbox 1336 2033 1433 2064; x_wconf 88' lang='lat' dir='ltr'>habet</span> 
     </span>
     <span class='ocr_line' id='line_1_37' title="bbox 157 2084 1433 2129; baseline 0.002 -14"><span class='ocrx_word' id='word_1_333' title='bbox 157 2085 225 2116; x_wconf 91' lang='lat' dir='ltr'>eius</span> <span class='ocrx_word' id='word_1_334' title='bbox 249 2084 372 2116; x_wconf 82' lang='lat' dir='ltr'>formae</span> <span class='ocrx_word' id='word_1_335' title='bbox 401 2086 490 2117; x_wconf 88' lang='lat' dir='ltr'>cuius</span> <span class='ocrx_word' id='word_1_336' title='bbox 515 2085 767 2117; x_wconf 86' lang='lat' dir='ltr'>Laurentianum</span> <span class='ocrx_word' id='word_1_337' title='bbox 791 2098 862 2118; x_wconf 90' lang='lat' dir='ltr'>esse</span> <span class='ocrx_word' id='word_1_338' title='bbox 886 2087 960 2118; x_wconf 86' lang='lat' dir='ltr'>dixi.</span> <span class='ocrx_word' id='word_1_339' title='bbox 1004 2088 1150 2129; x_wconf 86' lang='lat' dir='ltr'>singulae</span> <span class='ocrx_word' id='word_1_340' title='bbox 1178 2088 1318 2128; x_wconf 83' lang='lat' dir='ltr'>paginae</span> <span class='ocrx_word' id='word_1_341' title='bbox 1342 2087 1433 2118; x_wconf 85' lang='lat' dir='ltr'>trifa-</span> 
     </span>
     <span class='ocr_line' id='line_1_38' title="bbox 158 2138 1433 2182; baseline 0.002 -13"><span class='ocrx_word' id='word_1_342' title='bbox 158 2138 241 2170; x_wconf 86' lang='lat' dir='ltr'>riam</span> <span class='ocrx_word' id='word_1_343' title='bbox 273 2138 394 2169; x_wconf 84' lang='lat' dir='ltr'>divisae</span> <span class='ocrx_word' id='word_1_344' title='bbox 426 2141 501 2170; x_wconf 92' lang='lat' dir='ltr'>sunt</span> <span class='ocrx_word' id='word_1_345' title='bbox 532 2139 578 2170; x_wconf 91' lang='lat' dir='ltr'>ita</span> <span class='ocrx_word' id='word_1_346' title='bbox 608 2141 645 2170; x_wconf 87' lang='lat' dir='ltr'>ut</span> <span class='ocrx_word' id='word_1_347' title='bbox 675 2140 780 2171; x_wconf 88' lang='lat' dir='ltr'>media</span> <span class='ocrx_word' id='word_1_348' title='bbox 812 2151 888 2181; x_wconf 90' lang='lat' dir='ltr'>pars</span> <span class='ocrx_word' id='word_1_349' title='bbox 919 2141 1018 2182; x_wconf 83' lang='lat' dir='ltr'>paulo</span> <span class='ocrx_word' id='word_1_350' title='bbox 1050 2141 1148 2172; x_wconf 86' lang='lat' dir='ltr'>latior</span> <span class='ocrx_word' id='word_1_351' title='bbox 1172 2140 1310 2181; x_wconf 86' lang='lat' dir='ltr'>Vergilii</span> <span class='ocrx_word' id='word_1_352' title='bbox 1335 2141 1433 2172; x_wconf 79' lang='lat' dir='ltr'>verba</span> 
     </span>
     <span class='ocr_line' id='line_1_39' title="bbox 157 2191 1433 2234; baseline 0.002 -12"><span class='ocrx_word' id='word_1_353' title='bbox 157 2191 290 2233; x_wconf 87' lang='lat' dir='ltr'>habeat,</span> <span class='ocrx_word' id='word_1_354' title='bbox 314 2192 348 2222; x_wconf 91' lang='lat' dir='ltr'>in</span> <span class='ocrx_word' id='word_1_355' title='bbox 372 2192 575 2234; x_wconf 84' lang='lat' dir='ltr'>marginibus</span> <span class='ocrx_word' id='word_1_356' title='bbox 605 2192 729 2224; x_wconf 86' lang='lat' dir='ltr'>scholia</span> <span class='ocrx_word' id='word_1_357' title='bbox 758 2193 878 2234; x_wconf 87' lang='lat' dir='ltr'>scripta</span> <span class='ocrx_word' id='word_1_358' title='bbox 903 2193 977 2224; x_wconf 86' lang='lat' dir='ltr'>sint.</span> <span class='ocrx_word' id='word_1_359' title='bbox 1018 2193 1072 2224; x_wconf 87' lang='lat' dir='ltr'>fol.</span> <span class='ocrx_word' id='word_1_360' title='bbox 1099 2194 1131 2224; x_wconf 68' lang='lat'>1⁵</span> <span class='ocrx_word' id='word_1_361' title='bbox 1160 2193 1239 2225; x_wconf 82' lang='lat' dir='ltr'>haec</span> <span class='ocrx_word' id='word_1_362' title='bbox 1268 2195 1433 2225; x_wconf 86' lang='lat' dir='ltr'>continen-</span> 
     </span>
     <span class='ocr_line' id='line_1_40' title="bbox 158 2244 1433 2287; baseline 0 -11"><span class='ocrx_word' id='word_1_363' title='bbox 158 2246 225 2276; x_wconf 87' lang='lat' dir='ltr'>tur:</span> <span class='ocrx_word' id='word_1_364' title='bbox 254 2244 386 2277; x_wconf 74' lang='lat' dir='ltr'>Carmen</span> <span class='ocrx_word' id='word_1_365' title='bbox 409 2246 507 2277; x_wconf 73' lang='lat' dir='ltr'>ouidii</span> <span class='ocrx_word' id='word_1_366' title='bbox 533 2246 661 2277; x_wconf 83' lang='lat' dir='ltr'>nasonis</span> <span class='ocrx_word' id='word_1_367' title='bbox 685 2247 858 2278; x_wconf 69' lang='lat' dir='ltr'>tetrasticon</span> <span class='ocrx_word' id='word_1_368' title='bbox 882 2245 999 2286; x_wconf 75' lang='lat' dir='ltr'>‘qualis</span> <span class='ocrx_word' id='word_1_369' title='bbox 1022 2246 1164 2278; x_wconf 73' lang='lat' dir='ltr'>bucolicis</span> <span class='ocrx_word' id='word_1_370' title='bbox 1188 2272 1194 2278; x_wconf 92' lang='lat'>.</span> <span class='ocrx_word' id='word_1_371' title='bbox 1220 2273 1226 2279; x_wconf 91' lang='lat'>.</span> <span class='ocrx_word' id='word_1_372' title='bbox 1251 2273 1257 2278; x_wconf 98' lang='lat'>.</span> <span class='ocrx_word' id='word_1_373' title='bbox 1283 2248 1341 2287; x_wconf 63' lang='lat' dir='ltr'>leffe</span> <span class='ocrx_word' id='word_1_374' title='bbox 1369 2257 1433 2277; x_wconf 71' lang='lat' dir='ltr'>rw·-</span> 
     </span>
     <span class='ocr_line' id='line_1_41' title="bbox 159 2298 1435 2341; baseline 0 -11"><span class='ocrx_word' id='word_1_375' title='bbox 159 2299 247 2330; x_wconf 80' lang='lat' dir='ltr'>mina</span> <span class='ocrx_word' id='word_1_376' title='bbox 269 2298 401 2331; x_wconf 55' lang='grc' dir='ltr'><em>ποεῖν-α’.</em></span> <span class='ocrx_word' id='word_1_377' title='bbox 443 2299 560 2340; x_wconf 70' lang='lat' dir='ltr'>Incipit</span> <span class='ocrx_word' id='word_1_378' title='bbox 587 2309 711 2330; x_wconf 73' lang='lat' dir='ltr'>carmen</span> <span class='ocrx_word' id='word_1_379' title='bbox 734 2300 891 2331; x_wconf 68' lang='lat' dir='ltr'>octaviani</span> <span class='ocrx_word' id='word_1_380' title='bbox 918 2301 1051 2332; x_wconf 78' lang='lat' dir='ltr'>caesaris</span> <span class='ocrx_word' id='word_1_381' title='bbox 1080 2301 1115 2332; x_wconf 81' lang='lat' dir='ltr'>de</span> <span class='ocrx_word' id='word_1_382' title='bbox 1143 2301 1267 2341; x_wconf 66' lang='lat' dir='ltr'>uirqilz‘o</span> <span class='ocrx_word' id='word_1_383' title='bbox 1297 2300 1435 2340; x_wconf 69' lang='lat' dir='ltr'>‘Eryonc</span> 
     </span>
    </p>
   </div>
   <div class='ocr_carea' id='block_1_3' title="bbox 159 2351 1434 2395">
    <p class='ocr_par' dir='ltr' id='par_1_6' title="bbox 159 2351 1434 2395">
     <span class='ocr_line' id='line_1_42' title="bbox 159 2351 1434 2395; baseline 0 -12"><span class='ocrx_word' id='word_1_384' title='bbox 159 2353 307 2392; x_wconf 78' lang='lat' dir='ltr'>supremis</span> <span class='ocrx_word' id='word_1_385' title='bbox 330 2377 337 2383; x_wconf 95' lang='lat'>.</span> <span class='ocrx_word' id='word_1_386' title='bbox 353 2376 360 2383; x_wconf 85' lang='lat'>.</span> <span class='ocrx_word' id='word_1_387' title='bbox 375 2376 382 2384; x_wconf 88' lang='lat'>.</span> <span class='ocrx_word' id='word_1_388' title='bbox 407 2353 556 2393; x_wconf 72' lang='lat' dir='ltr'>releyatur</span> <span class='ocrx_word' id='word_1_389' title='bbox 580 2352 723 2384; x_wconf 70' lang='lat' dir='ltr'>ametur&#39;.</span> <span class='ocrx_word' id='word_1_390' title='bbox 765 2351 870 2384; x_wconf 82' lang='lat' dir='ltr'>fol.1b</span> <span class='ocrx_word' id='word_1_391' title='bbox 887 2355 966 2385; x_wconf 84' lang='lat' dir='ltr'>extr.</span> <span class='ocrx_word' id='word_1_392' title='bbox 990 2354 1134 2395; x_wconf 84' lang='lat' dir='ltr'>sequitur</span> <span class='ocrx_word' id='word_1_393' title='bbox 1154 2354 1277 2394; x_wconf 80' lang='lat' dir='ltr'>primae</span> <span class='ocrx_word' id='word_1_394' title='bbox 1303 2353 1434 2393; x_wconf 87' lang='lat' dir='ltr'>eclogae</span> 
     </span>
    </p>
   </div>
  </div>
 </body>
</html>
