<?xml version="1.0" encoding="UTF-8"?>
<!DOCTYPE html PUBLIC "-//W3C//DTD XHTML 1.0 Transitional//EN"
    "http://www.w3.org/TR/xhtml1/DTD/xhtml1-transitional.dtd">
<html xmlns="http://www.w3.org/1999/xhtml" xml:lang="en" lang="en">
 <head>
  <title>
</title>
<meta http-equiv="Content-Type" content="text/html;charset=utf-8" />
  <meta name='ocr-system' content='tesseract 3.04.00' />
  <meta name='ocr-capabilities' content='ocr_page ocr_carea ocr_par ocr_line ocrx_word'/>
</head>
<body>
  <div class='ocr_page' id='page_1' title='image "./serviigrammatici01bons_0032.png"; bbox 0 0 1690 2611; ppageno 0'>
   <div class='ocr_carea' id='block_1_1' title="bbox 225 137 976 166">
    <p class='ocr_par' dir='ltr' id='par_1_1' title="bbox 225 137 976 166">
     <span class='ocr_line' id='line_1_1' title="bbox 225 137 976 166; baseline 0.003 -2"><span class='ocrx_word' id='word_1_1' title='bbox 225 137 341 164; x_wconf 80' lang='lat' dir='ltr'>XXVIII</span> <span class='ocrx_word' id='word_1_2' title='bbox 762 138 976 166; x_wconf 80' lang='lat' dir='ltr'><strong>PRAEFATIO.</strong></span> 
     </span>
    </p>
   </div>
   <div class='ocr_carea' id='block_1_2' title="bbox 221 220 1510 2300">
    <p class='ocr_par' dir='ltr' id='par_1_2' title="bbox 221 220 1510 2189">
     <span class='ocr_line' id='line_1_2' title="bbox 226 220 1510 264; baseline 0.004 -13"><span class='ocrx_word' id='word_1_3' title='bbox 226 222 335 251; x_wconf 87' lang='lat' dir='ltr'>tamen</span> <span class='ocrx_word' id='word_1_4' title='bbox 355 232 420 251; x_wconf 90' lang='grc'>11011</span> <span class='ocrx_word' id='word_1_5' title='bbox 439 222 549 262; x_wconf 90' lang='lat' dir='ltr'>potest</span> <span class='ocrx_word' id='word_1_6' title='bbox 568 220 722 262; x_wconf 87' lang='lat' dir='ltr'>dubitari,</span> <span class='ocrx_word' id='word_1_7' title='bbox 742 222 819 262; x_wconf 90' lang='lat' dir='ltr'>quin</span> <span class='ocrx_word' id='word_1_8' title='bbox 840 222 880 253; x_wconf 86' lang='lat' dir='ltr'>ab</span> <span class='ocrx_word' id='word_1_9' title='bbox 901 222 1032 254; x_wconf 89' lang='lat' dir='ltr'>homine</span> <span class='ocrx_word' id='word_1_10' title='bbox 1053 222 1193 264; x_wconf 84' lang='lat' dir='ltr'>scriptus</span> <span class='ocrx_word' id='word_1_11' title='bbox 1214 222 1267 264; x_wconf 84' lang='lat' dir='ltr'>sit,</span> <span class='ocrx_word' id='word_1_12' title='bbox 1287 223 1341 264; x_wconf 91' lang='lat' dir='ltr'>qui</span> <span class='ocrx_word' id='word_1_13' title='bbox 1360 223 1393 255; x_wconf 91' lang='grc'>111</span> <span class='ocrx_word' id='word_1_14' title='bbox 1412 223 1510 256; x_wconf 85' lang='lat' dir='ltr'>inter-</span> 
     </span>
     <span class='ocr_line' id='line_1_3' title="bbox 224 274 1510 320; baseline 0.005 -16"><span class='ocrx_word' id='word_1_15' title='bbox 224 274 390 314; x_wconf 85' lang='lat' dir='ltr'>pretandis</span> <span class='ocrx_word' id='word_1_16' title='bbox 420 274 627 315; x_wconf 87' lang='lat' dir='ltr'>antiquorum</span> <span class='ocrx_word' id='word_1_17' title='bbox 656 275 748 306; x_wconf 88' lang='lat' dir='ltr'>libris</span> <span class='ocrx_word' id='word_1_18' title='bbox 780 287 833 307; x_wconf 87' lang='lat' dir='ltr'>eas</span> <span class='ocrx_word' id='word_1_19' title='bbox 863 276 1001 307; x_wconf 81' lang='lat' dir='ltr'>maxime</span> <span class='ocrx_word' id='word_1_20' title='bbox 1030 287 1081 308; x_wconf 89' lang='lat' dir='ltr'>res</span> <span class='ocrx_word' id='word_1_21' title='bbox 1112 277 1256 317; x_wconf 87' lang='lat' dir='ltr'>spectare</span> <span class='ocrx_word' id='word_1_22' title='bbox 1281 277 1510 320; x_wconf 70' lang='lat' dir='ltr'>consuevisset,</span> 
     </span>
     <span class='ocr_line' id='line_1_4' title="bbox 226 328 1507 372; baseline 0.002 -14"><span class='ocrx_word' id='word_1_23' title='bbox 226 338 306 368; x_wconf 82' lang='lat' dir='ltr'>quas</span> <span class='ocrx_word' id='word_1_24' title='bbox 328 328 583 359; x_wconf 75' lang='lat' dir='ltr'>adulescentium</span> <span class='ocrx_word' id='word_1_25' title='bbox 604 329 743 370; x_wconf 88' lang='lat' dir='ltr'>ingeniis</span> <span class='ocrx_word' id='word_1_26' title='bbox 764 329 945 361; x_wconf 80' lang='lat' dir='ltr'>excolendis</span> <span class='ocrx_word' id='word_1_27' title='bbox 967 329 1098 361; x_wconf 83' lang='lat' dir='ltr'>idoneas</span> <span class='ocrx_word' id='word_1_28' title='bbox 1121 340 1190 360; x_wconf 85' lang='lat' dir='ltr'>esse</span> <span class='ocrx_word' id='word_1_29' title='bbox 1209 329 1374 372; x_wconf 79' lang='lat' dir='ltr'>videret.¹)</span> <span class='ocrx_word' id='word_1_30' title='bbox 1399 331 1507 372; x_wconf 84' lang='lat' dir='ltr'>itaque</span> 
     </span>
     <span class='ocr_line' id='line_1_5' title="bbox 226 380 1507 425; baseline 0.004 -14"><span class='ocrx_word' id='word_1_31' title='bbox 226 381 310 421; x_wconf 86' lang='lat' dir='ltr'>quod</span> <span class='ocrx_word' id='word_1_32' title='bbox 335 380 492 412; x_wconf 83' lang='lat' dir='ltr'>Macrobii</span> <span class='ocrx_word' id='word_1_33' title='bbox 516 382 704 414; x_wconf 82' lang='lat' dir='ltr'>testimonio</span> <span class='ocrx_word' id='word_1_34' title='bbox 730 382 810 423; x_wconf 84' lang='lat' dir='ltr'>(Sat.</span> <span class='ocrx_word' id='word_1_35' title='bbox 835 382 881 414; x_wconf 90' lang='lat' dir='ltr'>VI</span> <span class='ocrx_word' id='word_1_36' title='bbox 906 384 941 424; x_wconf 83' lang='lat'>6,</span> <span class='ocrx_word' id='word_1_37' title='bbox 968 382 1000 425; x_wconf 89' lang='lat'>1)</span> <span class='ocrx_word' id='word_1_38' title='bbox 1026 385 1153 415; x_wconf 83' lang='lat' dir='ltr'>constat</span> <span class='ocrx_word' id='word_1_39' title='bbox 1177 383 1261 414; x_wconf 87' lang='lat' dir='ltr'>idem</span> <span class='ocrx_word' id='word_1_40' title='bbox 1285 393 1324 414; x_wconf 85' lang='lat' dir='ltr'>ex</span> <span class='ocrx_word' id='word_1_41' title='bbox 1347 394 1507 416; x_wconf 88' lang='lat' dir='ltr'>commen-</span> 
     </span>
     <span class='ocr_line' id='line_1_6' title="bbox 226 434 1508 480; baseline 0.004 -16"><span class='ocrx_word' id='word_1_42' title='bbox 226 434 300 464; x_wconf 85' lang='lat' dir='ltr'>tarii</span> <span class='ocrx_word' id='word_1_43' title='bbox 325 434 451 466; x_wconf 85' lang='lat' dir='ltr'>ratione</span> <span class='ocrx_word' id='word_1_44' title='bbox 476 436 698 477; x_wconf 76' lang='lat' dir='ltr'>cognoscitur,</span> <span class='ocrx_word' id='word_1_45' title='bbox 730 436 763 467; x_wconf 90' lang='lat' dir='ltr'>in</span> <span class='ocrx_word' id='word_1_46' title='bbox 788 436 907 468; x_wconf 86' lang='lat' dir='ltr'>scholis</span> <span class='ocrx_word' id='word_1_47' title='bbox 933 448 951 468; x_wconf 87' lang='lat' dir='ltr'>a</span> <span class='ocrx_word' id='word_1_48' title='bbox 975 435 1086 468; x_wconf 82' lang='lat' dir='ltr'>Servio</span> <span class='ocrx_word' id='word_1_49' title='bbox 1111 438 1252 468; x_wconf 85' lang='lat' dir='ltr'>tractata</span> <span class='ocrx_word' id='word_1_50' title='bbox 1277 448 1346 468; x_wconf 90' lang='lat' dir='ltr'>esse</span> <span class='ocrx_word' id='word_1_51' title='bbox 1369 437 1508 480; x_wconf 82' lang='lat' dir='ltr'>Vergilii</span> 
     </span>
     <span class='ocr_line' id='line_1_7' title="bbox 226 487 1508 532; baseline 0.003 -14"><span class='ocrx_word' id='word_1_52' title='bbox 226 487 378 519; x_wconf 87' lang='lat' dir='ltr'>carmina.</span> <span class='ocrx_word' id='word_1_53' title='bbox 414 488 488 520; x_wconf 84' lang='lat' dir='ltr'>hinc</span> <span class='ocrx_word' id='word_1_54' title='bbox 512 490 722 531; x_wconf 83' lang='lat' dir='ltr'>repetendum</span> <span class='ocrx_word' id='word_1_55' title='bbox 747 492 796 521; x_wconf 87' lang='lat' dir='ltr'>est</span> <span class='ocrx_word' id='word_1_56' title='bbox 821 490 905 531; x_wconf 88' lang='lat' dir='ltr'>quod</span> <span class='ocrx_word' id='word_1_57' title='bbox 930 491 1216 532; x_wconf 85' lang='lat' dir='ltr'>grammaticarum</span> <span class='ocrx_word' id='word_1_58' title='bbox 1240 501 1348 522; x_wconf 87' lang='lat' dir='ltr'>rerum</span> <span class='ocrx_word' id='word_1_59' title='bbox 1371 491 1405 522; x_wconf 89' lang='lat' dir='ltr'>in</span> <span class='ocrx_word' id='word_1_60' title='bbox 1425 503 1508 523; x_wconf 88' lang='lat' dir='ltr'>com-</span> 
     </span>
     <span class='ocr_line' id='line_1_8' title="bbox 226 542 1507 585; baseline 0.002 -13"><span class='ocrx_word' id='word_1_61' title='bbox 226 542 384 573; x_wconf 86' lang='lat' dir='ltr'>mentario</span> <span class='ocrx_word' id='word_1_62' title='bbox 404 543 476 583; x_wconf 86' lang='lat' dir='ltr'>plus</span> <span class='ocrx_word' id='word_1_63' title='bbox 496 543 632 574; x_wconf 87' lang='lat' dir='ltr'>rationis</span> <span class='ocrx_word' id='word_1_64' title='bbox 652 543 802 574; x_wconf 88' lang='lat' dir='ltr'>habitum</span> <span class='ocrx_word' id='word_1_65' title='bbox 823 555 891 576; x_wconf 86' lang='lat' dir='ltr'>esse</span> <span class='ocrx_word' id='word_1_66' title='bbox 912 544 1055 576; x_wconf 89' lang='lat' dir='ltr'>videmus</span> <span class='ocrx_word' id='word_1_67' title='bbox 1077 556 1173 585; x_wconf 90' lang='lat' dir='ltr'>quam</span> <span class='ocrx_word' id='word_1_68' title='bbox 1194 546 1384 576; x_wconf 86' lang='lat' dir='ltr'>ceterarum.</span> <span class='ocrx_word' id='word_1_69' title='bbox 1409 544 1507 585; x_wconf 76' lang='lat' dir='ltr'>quid?</span> 
     </span>
     <span class='ocr_line' id='line_1_9' title="bbox 226 594 1509 639; baseline 0.003 -13"><span class='ocrx_word' id='word_1_70' title='bbox 226 594 310 635; x_wconf 85' lang='lat' dir='ltr'>quod</span> <span class='ocrx_word' id='word_1_71' title='bbox 327 594 457 627; x_wconf 81' lang='lat' dir='ltr'>Servius</span> <span class='ocrx_word' id='word_1_72' title='bbox 477 596 538 628; x_wconf 92' lang='lat' dir='ltr'>hoc</span> <span class='ocrx_word' id='word_1_73' title='bbox 559 597 665 628; x_wconf 85' lang='lat' dir='ltr'>studio</span> <span class='ocrx_word' id='word_1_74' title='bbox 687 598 839 638; x_wconf 88' lang='lat' dir='ltr'>abreptus</span> <span class='ocrx_word' id='word_1_75' title='bbox 861 597 1048 638; x_wconf 80' lang='lat' dir='ltr'>saepissime</span> <span class='ocrx_word' id='word_1_76' title='bbox 1068 597 1096 629; x_wconf 89' lang='lat' dir='ltr'>ei</span> <span class='ocrx_word' id='word_1_77' title='bbox 1112 600 1293 639; x_wconf 87' lang='lat' dir='ltr'>praecepto,</span> <span class='ocrx_word' id='word_1_78' title='bbox 1309 598 1397 630; x_wconf 89' lang='lat' dir='ltr'>cuius</span> <span class='ocrx_word' id='word_1_79' title='bbox 1413 609 1509 630; x_wconf 84' lang='lat' dir='ltr'>eausa</span> 
     </span>
     <span class='ocr_line' id='line_1_10' title="bbox 227 648 1508 693; baseline 0.003 -14"><span class='ocrx_word' id='word_1_80' title='bbox 227 648 261 679; x_wconf 90' lang='lat' dir='ltr'>in</span> <span class='ocrx_word' id='word_1_81' title='bbox 290 649 361 690; x_wconf 90' lang='lat' dir='ltr'>ipso</span> <span class='ocrx_word' id='word_1_82' title='bbox 390 649 428 680; x_wconf 88' lang='lat' dir='ltr'>de</span> <span class='ocrx_word' id='word_1_83' title='bbox 458 661 521 690; x_wconf 91' lang='lat' dir='ltr'>quo</span> <span class='ocrx_word' id='word_1_84' title='bbox 546 651 705 691; x_wconf 92' lang='lat' dir='ltr'>agebatur</span> <span class='ocrx_word' id='word_1_85' title='bbox 728 650 865 693; x_wconf 84' lang='lat' dir='ltr'>Vergilii</span> <span class='ocrx_word' id='word_1_86' title='bbox 894 662 988 682; x_wconf 89' lang='lat' dir='ltr'>versu</span> <span class='ocrx_word' id='word_1_87' title='bbox 1012 651 1125 692; x_wconf 80' lang='lat' dir='ltr'>inerat,</span> <span class='ocrx_word' id='word_1_88' title='bbox 1149 652 1236 683; x_wconf 90' lang='lat' dir='ltr'>aliud</span> <span class='ocrx_word' id='word_1_89' title='bbox 1261 651 1396 693; x_wconf 76' lang='lat' dir='ltr'>addidit,</span> <span class='ocrx_word' id='word_1_90' title='bbox 1425 652 1508 693; x_wconf 89' lang='lat' dir='ltr'>quod</span> 
     </span>
     <span class='ocr_line' id='line_1_11' title="bbox 227 701 1508 746; baseline 0.003 -14"><span class='ocrx_word' id='word_1_91' title='bbox 227 701 266 732; x_wconf 91' lang='lat' dir='ltr'>ad</span> <span class='ocrx_word' id='word_1_92' title='bbox 292 702 414 733; x_wconf 86' lang='lat' dir='ltr'>similes</span> <span class='ocrx_word' id='word_1_93' title='bbox 439 714 489 734; x_wconf 87' lang='lat' dir='ltr'>res</span> <span class='ocrx_word' id='word_1_94' title='bbox 514 704 661 744; x_wconf 73' lang='lat' dir='ltr'>pertinet.</span> <span class='ocrx_word' id='word_1_95' title='bbox 709 716 746 736; x_wconf 84' lang='lat' dir='ltr'>ea</span> <span class='ocrx_word' id='word_1_96' title='bbox 775 716 809 736; x_wconf 92' lang='lat' dir='ltr'>re</span> <span class='ocrx_word' id='word_1_97' title='bbox 833 705 970 736; x_wconf 87' lang='lat' dir='ltr'>Ioannes</span> <span class='ocrx_word' id='word_1_98' title='bbox 994 705 1191 736; x_wconf 86' lang='lat' dir='ltr'>Kirchnerus</span> <span class='ocrx_word' id='word_1_99' title='bbox 1216 705 1236 736; x_wconf 91' lang='lat' dir='ltr'>l.</span> <span class='ocrx_word' id='word_1_100' title='bbox 1261 705 1281 736; x_wconf 97' lang='lat' dir='ltr'>l.</span> <span class='ocrx_word' id='word_1_101' title='bbox 1305 717 1334 746; x_wconf 88' lang='lat' dir='ltr'>p.</span> <span class='ocrx_word' id='word_1_102' title='bbox 1359 706 1422 737; x_wconf 73' lang='lat'>483</span> <span class='ocrx_word' id='word_1_103' title='bbox 1440 717 1508 746; x_wconf 87' lang='lat' dir='ltr'>sqq.</span> 
     </span>
     <span class='ocr_line' id='line_1_12' title="bbox 227 756 1508 799; baseline 0.002 -13"><span class='ocrx_word' id='word_1_104' title='bbox 227 757 334 787; x_wconf 86' lang='lat' dir='ltr'>motus</span> <span class='ocrx_word' id='word_1_105' title='bbox 364 758 426 797; x_wconf 85' lang='lat' dir='ltr'>est,</span> <span class='ocrx_word' id='word_1_106' title='bbox 459 759 495 787; x_wconf 86' lang='lat' dir='ltr'>ut</span> <span class='ocrx_word' id='word_1_107' title='bbox 524 756 670 789; x_wconf 83' lang='lat' dir='ltr'>Servium</span> <span class='ocrx_word' id='word_1_108' title='bbox 700 758 893 799; x_wconf 86' lang='lat' dir='ltr'>ubicumque</span> <span class='ocrx_word' id='word_1_109' title='bbox 923 759 1007 799; x_wconf 88' lang='lat' dir='ltr'>apud</span> <span class='ocrx_word' id='word_1_110' title='bbox 1036 760 1198 790; x_wconf 73' lang='lat' dir='ltr'>auctorem</span> <span class='ocrx_word' id='word_1_111' title='bbox 1228 769 1320 789; x_wconf 90' lang='lat' dir='ltr'>suum</span> <span class='ocrx_word' id='word_1_112' title='bbox 1349 768 1508 799; x_wconf 86' lang='lat' dir='ltr'>gramma-</span> 
     </span>
     <span class='ocr_line' id='line_1_13' title="bbox 226 809 1509 854; baseline 0.003 -15"><span class='ocrx_word' id='word_1_113' title='bbox 226 809 326 840; x_wconf 85' lang='lat' dir='ltr'>ticum</span> <span class='ocrx_word' id='word_1_114' title='bbox 354 812 527 851; x_wconf 81' lang='lat' dir='ltr'>praecepta</span> <span class='ocrx_word' id='word_1_115' title='bbox 550 810 747 853; x_wconf 81' lang='lat' dir='ltr'>Vergilianis</span> <span class='ocrx_word' id='word_1_116' title='bbox 777 812 932 853; x_wconf 84' lang='lat' dir='ltr'>exemplis</span> <span class='ocrx_word' id='word_1_117' title='bbox 958 814 1112 844; x_wconf 83' lang='lat' dir='ltr'>exornata</span> <span class='ocrx_word' id='word_1_118' title='bbox 1135 812 1281 854; x_wconf 80' lang='lat' dir='ltr'>legisset,</span> <span class='ocrx_word' id='word_1_119' title='bbox 1304 814 1410 843; x_wconf 88' lang='lat' dir='ltr'>totum</span> <span class='ocrx_word' id='word_1_120' title='bbox 1434 813 1509 843; x_wconf 85' lang='lat' dir='ltr'>titu-</span> 
     </span>
     <span class='ocr_line' id='line_1_14' title="bbox 225 863 1507 907; baseline 0.003 -14"><span class='ocrx_word' id='word_1_121' title='bbox 225 863 291 893; x_wconf 92' lang='lat' dir='ltr'>lum</span> <span class='ocrx_word' id='word_1_122' title='bbox 316 863 355 894; x_wconf 87' lang='lat' dir='ltr'>ad</span> <span class='ocrx_word' id='word_1_123' title='bbox 380 863 515 895; x_wconf 86' lang='lat' dir='ltr'>eundem</span> <span class='ocrx_word' id='word_1_124' title='bbox 539 875 681 906; x_wconf 86' lang='lat' dir='ltr'>versum,</span> <span class='ocrx_word' id='word_1_125' title='bbox 706 865 761 906; x_wconf 88' lang='lat' dir='ltr'>qui</span> <span class='ocrx_word' id='word_1_126' title='bbox 786 877 804 896; x_wconf 91' lang='lat' dir='ltr'>a</span> <span class='ocrx_word' id='word_1_127' title='bbox 828 866 1042 907; x_wconf 83' lang='lat' dir='ltr'>grammatico</span> <span class='ocrx_word' id='word_1_128' title='bbox 1068 866 1217 897; x_wconf 84' lang='lat' dir='ltr'>laudatus</span> <span class='ocrx_word' id='word_1_129' title='bbox 1248 867 1347 906; x_wconf 84' lang='lat' dir='ltr'>esset,</span> <span class='ocrx_word' id='word_1_130' title='bbox 1370 866 1404 897; x_wconf 90' lang='lat' dir='ltr'>in</span> <span class='ocrx_word' id='word_1_131' title='bbox 1433 877 1507 897; x_wconf 89' lang='lat' dir='ltr'>suos</span> 
     </span>
     <span class='ocr_line' id='line_1_15' title="bbox 225 917 1506 961; baseline 0.004 -15"><span class='ocrx_word' id='word_1_132' title='bbox 225 917 475 948; x_wconf 76' lang='lat' dir='ltr'>commentarios</span> <span class='ocrx_word' id='word_1_133' title='bbox 508 919 716 950; x_wconf 84' lang='lat' dir='ltr'>transtulisse</span> <span class='ocrx_word' id='word_1_134' title='bbox 751 919 920 951; x_wconf 83' lang='lat' dir='ltr'>coniceret.</span> <span class='ocrx_word' id='word_1_135' title='bbox 973 930 1038 950; x_wconf 88' lang='lat' dir='ltr'>non</span> <span class='ocrx_word' id='word_1_136' title='bbox 1071 929 1153 961; x_wconf 88' lang='lat' dir='ltr'>nego</span> <span class='ocrx_word' id='word_1_137' title='bbox 1191 919 1339 960; x_wconf 87' lang='lat' dir='ltr'>equidem</span> <span class='ocrx_word' id='word_1_138' title='bbox 1367 930 1439 950; x_wconf 90' lang='lat' dir='ltr'>cum</span> <span class='ocrx_word' id='word_1_139' title='bbox 1474 920 1506 951; x_wconf 89' lang='lat' dir='ltr'>in</span> 
     </span>
     <span class='ocr_line' id='line_1_16' title="bbox 226 971 1507 1014; baseline 0.003 -14"><span class='ocrx_word' id='word_1_140' title='bbox 226 971 406 1001; x_wconf 87' lang='lat' dir='ltr'>ceterorum</span> <span class='ocrx_word' id='word_1_141' title='bbox 432 972 719 1012; x_wconf 86' lang='lat' dir='ltr'>grammaticorum</span> <span class='ocrx_word' id='word_1_142' title='bbox 744 976 813 1004; x_wconf 89' lang='lat' dir='ltr'>tum</span> <span class='ocrx_word' id='word_1_143' title='bbox 838 974 872 1004; x_wconf 89' lang='lat' dir='ltr'>in</span> <span class='ocrx_word' id='word_1_144' title='bbox 895 973 1000 1004; x_wconf 87' lang='lat' dir='ltr'>Flavii</span> <span class='ocrx_word' id='word_1_145' title='bbox 1025 972 1123 1014; x_wconf 84' lang='lat' dir='ltr'>Capri</span> <span class='ocrx_word' id='word_1_146' title='bbox 1148 972 1239 1003; x_wconf 89' lang='lat' dir='ltr'>libris</span> <span class='ocrx_word' id='word_1_147' title='bbox 1265 972 1410 1013; x_wconf 89' lang='lat' dir='ltr'>legendis</span> <span class='ocrx_word' id='word_1_148' title='bbox 1436 971 1507 1004; x_wconf 79' lang='lat' dir='ltr'>Ser-</span> 
     </span>
     <span class='ocr_line' id='line_1_17' title="bbox 225 1023 1507 1068; baseline 0.003 -14"><span class='ocrx_word' id='word_1_149' title='bbox 225 1023 313 1054; x_wconf 89' lang='lat' dir='ltr'>vium</span> <span class='ocrx_word' id='word_1_150' title='bbox 345 1024 595 1065; x_wconf 78' lang='lat' dir='ltr'>diligentissime</span> <span class='ocrx_word' id='word_1_151' title='bbox 619 1029 782 1058; x_wconf 84' lang='lat' dir='ltr'>versatum</span> <span class='ocrx_word' id='word_1_152' title='bbox 808 1038 876 1058; x_wconf 87' lang='lat' dir='ltr'>esse</span> <span class='ocrx_word' id='word_1_153' title='bbox 902 1029 934 1058; x_wconf 87' lang='lat' dir='ltr'>et</span> <span class='ocrx_word' id='word_1_154' title='bbox 958 1027 1032 1058; x_wconf 90' lang='lat' dir='ltr'>inde</span> <span class='ocrx_word' id='word_1_155' title='bbox 1058 1037 1149 1058; x_wconf 89' lang='lat' dir='ltr'>suam</span> <span class='ocrx_word' id='word_1_156' title='bbox 1174 1026 1402 1068; x_wconf 81' lang='lat' dir='ltr'>grammaticae</span> <span class='ocrx_word' id='word_1_157' title='bbox 1428 1027 1507 1058; x_wconf 86' lang='lat' dir='ltr'>artis</span> 
     </span>
     <span class='ocr_line' id='line_1_18' title="bbox 221 1077 1508 1122; baseline 0.002 -14"><span class='ocrx_word' id='word_1_158' title='bbox 221 1077 394 1109; x_wconf 84' lang='lat' dir='ltr'>scientiam</span> <span class='ocrx_word' id='word_1_159' title='bbox 418 1078 578 1120; x_wconf 81' lang='lat' dir='ltr'>hausisse,</span> <span class='ocrx_word' id='word_1_160' title='bbox 604 1080 658 1111; x_wconf 90' lang='lat' dir='ltr'>sed</span> <span class='ocrx_word' id='word_1_161' title='bbox 682 1080 730 1111; x_wconf 84' lang='lat' dir='ltr'>ita</span> <span class='ocrx_word' id='word_1_162' title='bbox 751 1091 805 1111; x_wconf 86' lang='lat' dir='ltr'>eos</span> <span class='ocrx_word' id='word_1_163' title='bbox 825 1080 858 1111; x_wconf 90' lang='lat' dir='ltr'>in</span> <span class='ocrx_word' id='word_1_164' title='bbox 879 1079 1147 1112; x_wconf 86' lang='lat' dir='ltr'>commentarium</span> <span class='ocrx_word' id='word_1_165' title='bbox 1171 1080 1349 1111; x_wconf 88' lang='lat' dir='ltr'>translatos</span> <span class='ocrx_word' id='word_1_166' title='bbox 1375 1091 1453 1122; x_wconf 86' lang='lat' dir='ltr'>esse,</span> <span class='ocrx_word' id='word_1_167' title='bbox 1472 1082 1508 1111; x_wconf 91' lang='lat' dir='ltr'>ut</span> 
     </span>
     <span class='ocr_line' id='line_1_19' title="bbox 221 1131 1507 1174; baseline 0.003 -13"><span class='ocrx_word' id='word_1_168' title='bbox 221 1131 315 1162; x_wconf 86' lang='lat' dir='ltr'>verbi</span> <span class='ocrx_word' id='word_1_169' title='bbox 341 1142 438 1163; x_wconf 84' lang='lat' dir='ltr'>causa</span> <span class='ocrx_word' id='word_1_170' title='bbox 462 1143 480 1163; x_wconf 92' lang='lat' dir='ltr'>a</span> <span class='ocrx_word' id='word_1_171' title='bbox 504 1132 671 1165; x_wconf 79' lang='lat' dir='ltr'>Macrobio</span> <span class='ocrx_word' id='word_1_172' title='bbox 698 1145 713 1165; x_wconf 87' lang='lat' dir='ltr'>e</span> <span class='ocrx_word' id='word_1_173' title='bbox 738 1133 836 1165; x_wconf 81' lang='lat' dir='ltr'>Gellii</span> <span class='ocrx_word' id='word_1_174' title='bbox 862 1134 945 1166; x_wconf 87' lang='lat' dir='ltr'>libro</span> <span class='ocrx_word' id='word_1_175' title='bbox 967 1134 1070 1165; x_wconf 90' lang='lat' dir='ltr'>multa</span> <span class='ocrx_word' id='word_1_176' title='bbox 1090 1133 1251 1174; x_wconf 80' lang='lat' dir='ltr'>exscripta</span> <span class='ocrx_word' id='word_1_177' title='bbox 1275 1144 1345 1165; x_wconf 86' lang='lat' dir='ltr'>esse</span> <span class='ocrx_word' id='word_1_178' title='bbox 1371 1135 1507 1174; x_wconf 84' lang='lat' dir='ltr'>constat,</span> 
     </span>
     <span class='ocr_line' id='line_1_20' title="bbox 223 1186 1504 1228; baseline 0.002 -13"><span class='ocrx_word' id='word_1_179' title='bbox 223 1196 288 1216; x_wconf 90' lang='lat' dir='ltr'>non</span> <span class='ocrx_word' id='word_1_180' title='bbox 308 1195 440 1226; x_wconf 84' lang='lat' dir='ltr'>possum</span> <span class='ocrx_word' id='word_1_181' title='bbox 466 1186 546 1216; x_wconf 87' lang='lat' dir='ltr'>mihi</span> <span class='ocrx_word' id='word_1_182' title='bbox 566 1187 770 1228; x_wconf 85' lang='lat' dir='ltr'>persuadere.</span> <span class='ocrx_word' id='word_1_183' title='bbox 805 1188 903 1219; x_wconf 93' lang='lat' dir='ltr'>immo</span> <span class='ocrx_word' id='word_1_184' title='bbox 925 1186 1053 1218; x_wconf 81' lang='lat' dir='ltr'>Servius</span> <span class='ocrx_word' id='word_1_185' title='bbox 1074 1198 1146 1219; x_wconf 87' lang='lat' dir='ltr'>cum</span> <span class='ocrx_word' id='word_1_186' title='bbox 1166 1187 1388 1228; x_wconf 83' lang='lat' dir='ltr'>grammaticis</span> <span class='ocrx_word' id='word_1_187' title='bbox 1408 1187 1504 1218; x_wconf 85' lang='lat' dir='ltr'>rebus</span> 
     </span>
     <span class='ocr_line' id='line_1_21' title="bbox 223 1238 1505 1282; baseline 0.002 -13"><span class='ocrx_word' id='word_1_188' title='bbox 223 1238 361 1269; x_wconf 82' lang='lat' dir='ltr'>maxime</span> <span class='ocrx_word' id='word_1_189' title='bbox 386 1249 517 1279; x_wconf 87' lang='lat' dir='ltr'>operam</span> <span class='ocrx_word' id='word_1_190' title='bbox 543 1239 693 1281; x_wconf 82' lang='lat' dir='ltr'>dedisset,</span> <span class='ocrx_word' id='word_1_191' title='bbox 717 1243 753 1272; x_wconf 92' lang='lat' dir='ltr'>ut</span> <span class='ocrx_word' id='word_1_192' title='bbox 778 1241 816 1272; x_wconf 87' lang='lat' dir='ltr'>ad</span> <span class='ocrx_word' id='word_1_193' title='bbox 841 1252 894 1272; x_wconf 85' lang='lat' dir='ltr'>eas</span> <span class='ocrx_word' id='word_1_194' title='bbox 917 1241 1121 1282; x_wconf 87' lang='lat' dir='ltr'>exponendas</span> <span class='ocrx_word' id='word_1_195' title='bbox 1150 1240 1224 1281; x_wconf 89' lang='lat' dir='ltr'>plus</span> <span class='ocrx_word' id='word_1_196' title='bbox 1253 1240 1285 1271; x_wconf 91' lang='lat' dir='ltr'>in</span> <span class='ocrx_word' id='word_1_197' title='bbox 1316 1241 1388 1281; x_wconf 87' lang='lat' dir='ltr'>ipso</span> <span class='ocrx_word' id='word_1_198' title='bbox 1417 1251 1505 1281; x_wconf 85' lang='lat' dir='ltr'>prae-</span> 
     </span>
     <span class='ocr_line' id='line_1_22' title="bbox 223 1292 1505 1335; baseline 0.002 -13"><span class='ocrx_word' id='word_1_199' title='bbox 223 1292 295 1323; x_wconf 81' lang='lat' dir='ltr'>sidii</span> <span class='ocrx_word' id='word_1_200' title='bbox 330 1295 414 1323; x_wconf 83' lang='lat' dir='ltr'>esset</span> <span class='ocrx_word' id='word_1_201' title='bbox 447 1304 544 1334; x_wconf 87' lang='lat' dir='ltr'>quam</span> <span class='ocrx_word' id='word_1_202' title='bbox 579 1293 619 1324; x_wconf 87' lang='lat' dir='ltr'>ad</span> <span class='ocrx_word' id='word_1_203' title='bbox 649 1296 787 1335; x_wconf 83' lang='lat' dir='ltr'>ceteras,</span> <span class='ocrx_word' id='word_1_204' title='bbox 821 1295 1064 1335; x_wconf 84' lang='lat' dir='ltr'>exspatiabatur</span> <span class='ocrx_word' id='word_1_205' title='bbox 1092 1294 1125 1324; x_wconf 89' lang='lat' dir='ltr'>in</span> <span class='ocrx_word' id='word_1_206' title='bbox 1159 1305 1195 1325; x_wconf 93' lang='lat' dir='ltr'>eo</span> <span class='ocrx_word' id='word_1_207' title='bbox 1221 1304 1337 1335; x_wconf 84' lang='lat' dir='ltr'>genere</span> <span class='ocrx_word' id='word_1_208' title='bbox 1372 1294 1505 1325; x_wconf 82' lang='lat' dir='ltr'>adnota-</span> 
     </span>
     <span class='ocr_line' id='line_1_23' title="bbox 225 1345 1506 1388; baseline 0.002 -12"><span class='ocrx_word' id='word_1_209' title='bbox 225 1346 393 1386; x_wconf 85' lang='lat' dir='ltr'>tionesque</span> <span class='ocrx_word' id='word_1_210' title='bbox 415 1345 486 1377; x_wconf 89' lang='lat' dir='ltr'>inde</span> <span class='ocrx_word' id='word_1_211' title='bbox 511 1347 645 1388; x_wconf 89' lang='lat' dir='ltr'>petitas,</span> <span class='ocrx_word' id='word_1_212' title='bbox 671 1348 817 1388; x_wconf 87' lang='lat' dir='ltr'>quamvis</span> <span class='ocrx_word' id='word_1_213' title='bbox 843 1359 861 1379; x_wconf 87' lang='lat' dir='ltr'>a</span> <span class='ocrx_word' id='word_1_214' title='bbox 880 1347 1081 1388; x_wconf 84' lang='lat' dir='ltr'>Vergilianis</span> <span class='ocrx_word' id='word_1_215' title='bbox 1106 1347 1213 1378; x_wconf 88' lang='lat' dir='ltr'>verbis</span> <span class='ocrx_word' id='word_1_216' title='bbox 1239 1347 1364 1378; x_wconf 84' lang='lat' dir='ltr'>alienae</span> <span class='ocrx_word' id='word_1_217' title='bbox 1390 1349 1506 1387; x_wconf 87' lang='lat' dir='ltr'>essent,</span> 
     </span>
     <span class='ocr_line' id='line_1_24' title="bbox 223 1399 1504 1442; baseline 0.002 -13"><span class='ocrx_word' id='word_1_218' title='bbox 223 1399 456 1430; x_wconf 78' lang='lat' dir='ltr'>commentario</span> <span class='ocrx_word' id='word_1_219' title='bbox 482 1411 539 1431; x_wconf 89' lang='lat' dir='ltr'>suo</span> <span class='ocrx_word' id='word_1_220' title='bbox 576 1400 812 1442; x_wconf 84' lang='lat' dir='ltr'>adglutinabat.</span> <span class='ocrx_word' id='word_1_221' title='bbox 866 1401 1020 1442; x_wconf 87' lang='lat' dir='ltr'>exemplis</span> <span class='ocrx_word' id='word_1_222' title='bbox 1045 1412 1064 1432; x_wconf 85' lang='lat' dir='ltr'>a</span> <span class='ocrx_word' id='word_1_223' title='bbox 1088 1400 1268 1432; x_wconf 85' lang='lat' dir='ltr'>Kirchnero</span> <span class='ocrx_word' id='word_1_224' title='bbox 1293 1412 1322 1441; x_wconf 89' lang='lat' dir='ltr'>p.</span> <span class='ocrx_word' id='word_1_225' title='bbox 1347 1400 1411 1431; x_wconf 73' lang='lat'>495</span> <span class='ocrx_word' id='word_1_226' title='bbox 1436 1411 1504 1441; x_wconf 90' lang='lat' dir='ltr'>sqq.</span> 
     </span>
     <span class='ocr_line' id='line_1_25' title="bbox 223 1453 1505 1496; baseline 0.001 -13"><span class='ocrx_word' id='word_1_227' title='bbox 223 1453 485 1484; x_wconf 85' lang='lat' dir='ltr'>commemoratis</span> <span class='ocrx_word' id='word_1_228' title='bbox 510 1453 571 1485; x_wconf 79' lang='lat' dir='ltr'>hoe</span> <span class='ocrx_word' id='word_1_229' title='bbox 595 1454 690 1495; x_wconf 88' lang='lat' dir='ltr'>addo,</span> <span class='ocrx_word' id='word_1_230' title='bbox 725 1466 786 1496; x_wconf 89' lang='lat' dir='ltr'>quo</span> <span class='ocrx_word' id='word_1_231' title='bbox 817 1455 945 1496; x_wconf 85' lang='lat' dir='ltr'>egregie</span> <span class='ocrx_word' id='word_1_232' title='bbox 970 1455 1003 1486; x_wconf 92' lang='lat' dir='ltr'>ni</span> <span class='ocrx_word' id='word_1_233' title='bbox 1027 1454 1126 1486; x_wconf 86' lang='lat' dir='ltr'>fallor</span> <span class='ocrx_word' id='word_1_234' title='bbox 1154 1453 1349 1493; x_wconf 83' lang='lat' dir='ltr'>ostenditur,</span> <span class='ocrx_word' id='word_1_235' title='bbox 1377 1464 1442 1484; x_wconf 91' lang='grc'>11011</span> <span class='ocrx_word' id='word_1_236' title='bbox 1466 1454 1505 1485; x_wconf 87' lang='lat' dir='ltr'>ab</span> 
     </span>
     <span class='ocr_line' id='line_1_26' title="bbox 223 1506 1503 1549; baseline 0.001 -13"><span class='ocrx_word' id='word_1_237' title='bbox 223 1506 461 1537; x_wconf 84' lang='lat' dir='ltr'>inconsiderata</span> <span class='ocrx_word' id='word_1_238' title='bbox 495 1509 664 1539; x_wconf 86' lang='lat' dir='ltr'>auctorum</span> <span class='ocrx_word' id='word_1_239' title='bbox 698 1508 881 1540; x_wconf 79' lang='lat' dir='ltr'>imitatione</span> <span class='ocrx_word' id='word_1_240' title='bbox 919 1508 1053 1539; x_wconf 88' lang='lat' dir='ltr'>nimiam</span> <span class='ocrx_word' id='word_1_241' title='bbox 1091 1508 1183 1539; x_wconf 89' lang='lat' dir='ltr'>illam</span> <span class='ocrx_word' id='word_1_242' title='bbox 1217 1507 1503 1549; x_wconf 83' lang='lat' dir='ltr'>grammaticorum</span> 
     </span>
     <span class='ocr_line' id='line_1_27' title="bbox 224 1560 1502 1602; baseline 0.002 -13"><span class='ocrx_word' id='word_1_243' title='bbox 224 1562 471 1600; x_wconf 84' lang='lat' dir='ltr'>praeceptorum</span> <span class='ocrx_word' id='word_1_244' title='bbox 511 1561 636 1601; x_wconf 83' lang='lat' dir='ltr'>copiam</span> <span class='ocrx_word' id='word_1_245' title='bbox 675 1561 882 1602; x_wconf 85' lang='lat' dir='ltr'>repetendam</span> <span class='ocrx_word' id='word_1_246' title='bbox 922 1572 1000 1593; x_wconf 84' lang='lat' dir='ltr'>esse.</span> <span class='ocrx_word' id='word_1_247' title='bbox 1049 1561 1129 1592; x_wconf 86' lang='lat' dir='ltr'>Aen.</span> <span class='ocrx_word' id='word_1_248' title='bbox 1161 1560 1207 1592; x_wconf 92' lang='lat' dir='ltr'>IV</span> <span class='ocrx_word' id='word_1_249' title='bbox 1242 1561 1303 1592; x_wconf 76' lang='lat'>231</span> <span class='ocrx_word' id='word_1_250' title='bbox 1344 1560 1429 1591; x_wconf 87' lang='lat' dir='ltr'>enim</span> <span class='ocrx_word' id='word_1_251' title='bbox 1463 1560 1502 1591; x_wconf 84' lang='lat' dir='ltr'>ad</span> 
     </span>
     <span class='ocr_line' id='line_1_28' title="bbox 222 1613 1507 1655; baseline 0.001 -12"><span class='ocrx_word' id='word_1_252' title='bbox 222 1621 409 1644; x_wconf 72' lang='lat' dir='ltr'>PRODERET</span> <span class='ocrx_word' id='word_1_253' title='bbox 448 1613 528 1645; x_wconf 84' lang='lat' dir='ltr'>haec</span> <span class='ocrx_word' id='word_1_254' title='bbox 561 1614 661 1646; x_wconf 84' lang='lat' dir='ltr'>habes</span> <span class='ocrx_word' id='word_1_255' title='bbox 695 1627 713 1646; x_wconf 90' lang='lat' dir='ltr'>a</span> <span class='ocrx_word' id='word_1_256' title='bbox 747 1614 857 1646; x_wconf 84' lang='lat' dir='ltr'>Servio</span> <span class='ocrx_word' id='word_1_257' title='bbox 897 1615 1058 1655; x_wconf 85' lang='lat' dir='ltr'>adscripta</span> <span class='ocrx_word' id='word_1_258' title='bbox 1086 1615 1173 1646; x_wconf 72' lang='lat' dir='ltr'>modo</span> <span class='ocrx_word' id='word_1_259' title='bbox 1209 1613 1444 1654; x_wconf 70' lang='lat' dir='ltr'>‘proteuderet&#39;,</span> <span class='ocrx_word' id='word_1_260' title='bbox 1472 1613 1507 1644; x_wconf 76' lang='lat' dir='ltr'>id</span> 
     </span>
     <span class='ocr_line' id='line_1_29' title="bbox 225 1666 1505 1709; baseline 0.002 -13"><span class='ocrx_word' id='word_1_261' title='bbox 225 1669 268 1697; x_wconf 73' lang='lat' dir='ltr'>est</span> <span class='ocrx_word' id='word_1_262' title='bbox 281 1669 477 1707; x_wconf 69' lang='lat' dir='ltr'>2n·‹)])aya›·ez².</span> <span class='ocrx_word' id='word_1_263' title='bbox 517 1667 681 1709; x_wconf 70' lang='lat' dir='ltr'>‘propayo&#39;</span> <span class='ocrx_word' id='word_1_264' title='bbox 705 1672 806 1700; x_wconf 61' lang='lat' dir='ltr'>civilem</span> <span class='ocrx_word' id='word_1_265' title='bbox 825 1669 852 1700; x_wconf 71' lang='lat' dir='ltr'>si</span> <span class='ocrx_word' id='word_1_266' title='bbox 868 1678 964 1709; x_wconf 63' lang='lat' dir='ltr'>yemis</span> <span class='ocrx_word' id='word_1_267' title='bbox 982 1668 1144 1708; x_wconf 68' lang='lat' dir='ltr'>siynifaecct,</span> <span class='ocrx_word' id='word_1_268' title='bbox 1170 1666 1256 1707; x_wconf 70' lang='lat' dir='ltr'>‘pro&#39;</span> <span class='ocrx_word' id='word_1_269' title='bbox 1282 1667 1378 1698; x_wconf 72' lang='lat' dir='ltr'>brevis</span> <span class='ocrx_word' id='word_1_270' title='bbox 1401 1669 1451 1708; x_wconf 76' lang='lat' dir='ltr'>est,</span> <span class='ocrx_word' id='word_1_271' title='bbox 1471 1670 1505 1699; x_wconf 72' lang='lat' dir='ltr'>ut</span> 
     </span>
     <span class='ocr_line' id='line_1_30' title="bbox 223 1719 1503 1763; baseline 0.002 -14"><span class='ocrx_word' id='word_1_272' title='bbox 223 1719 273 1750; x_wconf 75' lang='lat' dir='ltr'>‘sit</span> <span class='ocrx_word' id='word_1_273' title='bbox 297 1719 442 1751; x_wconf 69' lang='lat' dir='ltr'>Romana</span> <span class='ocrx_word' id='word_1_274' title='bbox 463 1723 571 1761; x_wconf 69' lang='lat' dir='ltr'>potens</span> <span class='ocrx_word' id='word_1_275' title='bbox 595 1722 682 1754; x_wconf 73' lang='lat' dir='ltr'>Itala</span> <span class='ocrx_word' id='word_1_276' title='bbox 705 1724 816 1754; x_wconf 73' lang='lat' dir='ltr'>virtute</span> <span class='ocrx_word' id='word_1_277' title='bbox 833 1721 1003 1763; x_wconf 70' lang='lat' dir='ltr'>propayo&#39;:</span> <span class='ocrx_word' id='word_1_278' title='bbox 1032 1722 1060 1752; x_wconf 69' lang='lat' dir='ltr'>si</span> <span class='ocrx_word' id='word_1_279' title='bbox 1084 1722 1119 1752; x_wconf 77' lang='lat' dir='ltr'>de</span> <span class='ocrx_word' id='word_1_280' title='bbox 1142 1721 1252 1752; x_wconf 63' lang='lat' dir='ltr'>arbore</span> <span class='ocrx_word' id='word_1_281' title='bbox 1272 1720 1371 1758; x_wconf 68' lang='lat' dir='ltr'>dicas,</span> <span class='ocrx_word' id='word_1_282' title='bbox 1389 1721 1503 1760; x_wconf 75' lang='lat' dir='ltr'>produ-</span> 
     </span>
     <span class='ocr_line' id='line_1_31' title="bbox 222 1771 1504 1816; baseline 0.001 -13"><span class='ocrx_word' id='word_1_283' title='bbox 222 1773 301 1803; x_wconf 70' lang='lat' dir='ltr'>ciem·</span> <span class='ocrx_word' id='word_1_284' title='bbox 316 1771 416 1814; x_wconf 71' lang='lat' dir='ltr'>‘pro’,</span> <span class='ocrx_word' id='word_1_285' title='bbox 436 1777 470 1805; x_wconf 67' lang='grc' dir='ltr'>111ι</span> <span class='ocrx_word' id='word_1_286' title='bbox 485 1773 594 1814; x_wconf 61' lang='lat' dir='ltr'>‘floccos</span> <span class='ocrx_word' id='word_1_287' title='bbox 604 1776 788 1816; x_wconf 70' lang='lat' dir='ltr'>propaylrtis</span> <span class='ocrx_word' id='word_1_288' title='bbox 807 1786 896 1807; x_wconf 68' lang='lat' dir='ltr'>arvus</span> <span class='ocrx_word' id='word_1_289' title='bbox 911 1774 1106 1816; x_wconf 52' lang='lat' dir='ltr'>exspectans.</span> <span class='ocrx_word' id='word_1_290' title='bbox 1132 1774 1255 1805; x_wconf 82' lang='lat' dir='ltr'>scilicet</span> <span class='ocrx_word' id='word_1_291' title='bbox 1278 1773 1406 1805; x_wconf 79' lang='lat' dir='ltr'>Servius</span> <span class='ocrx_word' id='word_1_292' title='bbox 1419 1774 1504 1815; x_wconf 89' lang='lat' dir='ltr'>quod</span> 
     </span>
     <span class='ocr_line' id='line_1_32' title="bbox 223 1826 1502 1870; baseline 0.002 -15"><span class='ocrx_word' id='word_1_293' title='bbox 223 1826 425 1867; x_wconf 83' lang='lat' dir='ltr'>propagandi</span> <span class='ocrx_word' id='word_1_294' title='bbox 446 1828 543 1859; x_wconf 85' lang='lat' dir='ltr'>verbo</span> <span class='ocrx_word' id='word_1_295' title='bbox 564 1840 640 1860; x_wconf 81' lang='lat' dir='ltr'>usus</span> <span class='ocrx_word' id='word_1_296' title='bbox 662 1831 744 1870; x_wconf 85' lang='lat' dir='ltr'>erat,</span> <span class='ocrx_word' id='word_1_297' title='bbox 766 1832 800 1861; x_wconf 87' lang='lat' dir='ltr'>ut</span> <span class='ocrx_word' id='word_1_298' title='bbox 825 1828 1007 1870; x_wconf 67' lang='lat' dir='ltr'>‘proderet’</span> <span class='ocrx_word' id='word_1_299' title='bbox 1030 1828 1105 1869; x_wconf 90' lang='lat' dir='ltr'>quid</span> <span class='ocrx_word' id='word_1_300' title='bbox 1127 1828 1187 1859; x_wconf 90' lang='lat' dir='ltr'>sibi</span> <span class='ocrx_word' id='word_1_301' title='bbox 1204 1827 1302 1859; x_wconf 87' lang='lat' dir='ltr'>vellet</span> <span class='ocrx_word' id='word_1_302' title='bbox 1318 1830 1502 1869; x_wconf 86' lang='lat' dir='ltr'>exponeret,</span> 
     </span>
     <span class='ocr_line' id='line_1_33' title="bbox 222 1881 1503 1924; baseline 0.002 -14"><span class='ocrx_word' id='word_1_303' title='bbox 222 1881 334 1920; x_wconf 83' lang='lat' dir='ltr'>aptum</span> <span class='ocrx_word' id='word_1_304' title='bbox 359 1891 428 1910; x_wconf 86' lang='lat' dir='ltr'>esse</span> <span class='ocrx_word' id='word_1_305' title='bbox 453 1882 581 1921; x_wconf 85' lang='lat' dir='ltr'>putavit</span> <span class='ocrx_word' id='word_1_306' title='bbox 605 1882 642 1913; x_wconf 87' lang='lat' dir='ltr'>de</span> <span class='ocrx_word' id='word_1_307' title='bbox 668 1882 844 1924; x_wconf 77' lang='lat' dir='ltr'>‘propago&#39;</span> <span class='ocrx_word' id='word_1_308' title='bbox 869 1882 1008 1913; x_wconf 90' lang='lat' dir='ltr'>nominis</span> <span class='ocrx_word' id='word_1_309' title='bbox 1033 1881 1139 1922; x_wconf 86' lang='lat' dir='ltr'>prima</span> <span class='ocrx_word' id='word_1_310' title='bbox 1166 1881 1295 1922; x_wconf 83' lang='lat' dir='ltr'>syllaba</span> <span class='ocrx_word' id='word_1_311' title='bbox 1321 1881 1415 1912; x_wconf 88' lang='lat' dir='ltr'>modo</span> <span class='ocrx_word' id='word_1_312' title='bbox 1440 1892 1503 1912; x_wconf 85' lang='lat' dir='ltr'>eor-</span> 
     </span>
     <span class='ocr_line' id='line_1_34' title="bbox 224 1933 1502 1976; baseline 0.002 -13"><span class='ocrx_word' id='word_1_313' title='bbox 224 1934 315 1974; x_wconf 83' lang='lat' dir='ltr'>repta</span> <span class='ocrx_word' id='word_1_314' title='bbox 345 1933 439 1964; x_wconf 85' lang='lat' dir='ltr'>modo</span> <span class='ocrx_word' id='word_1_315' title='bbox 471 1935 624 1975; x_wconf 77' lang='lat' dir='ltr'>producta</span> <span class='ocrx_word' id='word_1_316' title='bbox 656 1937 849 1976; x_wconf 86' lang='lat' dir='ltr'>praecipere.</span> <span class='ocrx_word' id='word_1_317' title='bbox 892 1935 982 1966; x_wconf 89' lang='lat' dir='ltr'>nulla</span> <span class='ocrx_word' id='word_1_318' title='bbox 1013 1935 1075 1966; x_wconf 84' lang='lat' dir='ltr'>alia</span> <span class='ocrx_word' id='word_1_319' title='bbox 1109 1934 1207 1976; x_wconf 87' lang='lat' dir='ltr'>igitur</span> <span class='ocrx_word' id='word_1_320' title='bbox 1231 1945 1278 1974; x_wconf 87' lang='lat' dir='ltr'>re,</span> <span class='ocrx_word' id='word_1_321' title='bbox 1309 1934 1371 1965; x_wconf 89' lang='lat' dir='ltr'>nisi</span> <span class='ocrx_word' id='word_1_322' title='bbox 1402 1934 1502 1966; x_wconf 89' lang='lat' dir='ltr'>nimio</span> 
     </span>
     <span class='ocr_line' id='line_1_35' title="bbox 223 1987 1502 2029; baseline 0.001 -12"><span class='ocrx_word' id='word_1_323' title='bbox 223 1987 291 2017; x_wconf 70' lang='lat' dir='ltr'>eius</span> <span class='ocrx_word' id='word_1_324' title='bbox 322 1987 414 2026; x_wconf 85' lang='lat' dir='ltr'>artis,</span> <span class='ocrx_word' id='word_1_325' title='bbox 448 1987 480 2018; x_wconf 87' lang='lat' dir='ltr'>in</span> <span class='ocrx_word' id='word_1_326' title='bbox 511 2000 573 2029; x_wconf 88' lang='lat' dir='ltr'>qua</span> <span class='ocrx_word' id='word_1_327' title='bbox 602 1989 767 2021; x_wconf 72' lang='lat' dir='ltr'>habitasse</span> <span class='ocrx_word' id='word_1_328' title='bbox 800 2001 872 2020; x_wconf 84' lang='lat' dir='ltr'>eum</span> <span class='ocrx_word' id='word_1_329' title='bbox 905 1991 936 2019; x_wconf 88' lang='lat' dir='ltr'>et</span> <span class='ocrx_word' id='word_1_330' title='bbox 970 1999 1096 2020; x_wconf 86' lang='lat' dir='ltr'>summa</span> <span class='ocrx_word' id='word_1_331' title='bbox 1130 1988 1325 2019; x_wconf 82' lang='lat' dir='ltr'>auctoritate</span> <span class='ocrx_word' id='word_1_332' title='bbox 1355 1987 1502 2019; x_wconf 85' lang='lat' dir='ltr'>floruisse</span> 
     </span>
     <span class='ocr_line' id='line_1_36' title="bbox 224 2041 1502 2084; baseline 0 -13"><span class='ocrx_word' id='word_1_333' title='bbox 224 2042 364 2080; x_wconf 80' lang='lat' dir='ltr'>constat,</span> <span class='ocrx_word' id='word_1_334' title='bbox 389 2041 494 2072; x_wconf 84' lang='lat' dir='ltr'>studio</span> <span class='ocrx_word' id='word_1_335' title='bbox 521 2045 552 2074; x_wconf 89' lang='lat' dir='ltr'>et</span> <span class='ocrx_word' id='word_1_336' title='bbox 572 2043 790 2084; x_wconf 81' lang='lat' dir='ltr'>praecipiendi</span> <span class='ocrx_word' id='word_1_337' title='bbox 811 2042 925 2074; x_wconf 76' lang='lat' dir='ltr'>ardore</span> <span class='ocrx_word' id='word_1_338' title='bbox 942 2041 1082 2083; x_wconf 75' lang='lat' dir='ltr'>quodam</span> <span class='ocrx_word' id='word_1_339' title='bbox 1104 2041 1230 2073; x_wconf 86' lang='lat' dir='ltr'>videtur</span> <span class='ocrx_word' id='word_1_340' title='bbox 1249 2041 1399 2072; x_wconf 87' lang='lat' dir='ltr'>inductus</span> <span class='ocrx_word' id='word_1_341' title='bbox 1424 2052 1502 2079; x_wconf 90' lang='lat' dir='ltr'>esse,</span> 
     </span>
     <span class='ocr_line' id='line_1_37' title="bbox 225 2093 1502 2137; baseline 0.001 -14"><span class='ocrx_word' id='word_1_342' title='bbox 225 2093 532 2133; x_wconf 77' lang='lat' dir='ltr'>utVergiliauorum</span> <span class='ocrx_word' id='word_1_343' title='bbox 544 2097 720 2128; x_wconf 77' lang='lat' dir='ltr'>carminum</span> <span class='ocrx_word' id='word_1_344' title='bbox 736 2096 1006 2137; x_wconf 81' lang='lat' dir='ltr'>interpretatione</span> <span class='ocrx_word' id='word_1_345' title='bbox 1022 2095 1062 2126; x_wconf 86' lang='lat' dir='ltr'>ad</span> <span class='ocrx_word' id='word_1_346' title='bbox 1079 2095 1365 2136; x_wconf 83' lang='lat' dir='ltr'>grammaticorum</span> <span class='ocrx_word' id='word_1_347' title='bbox 1380 2093 1502 2134; x_wconf 88' lang='lat' dir='ltr'>placita</span> 
     </span>
     <span class='ocr_line' id='line_1_38' title="bbox 223 2146 637 2189; baseline 0.005 -10"><span class='ocrx_word' id='word_1_348' title='bbox 223 2146 415 2189; x_wconf 76' lang='lat' dir='ltr'>proterenda</span> <span class='ocrx_word' id='word_1_349' title='bbox 440 2148 637 2181; x_wconf 84' lang='lat' dir='ltr'>abuteretur.</span> 
     </span>
    </p>

    <p class='ocr_par' dir='ltr' id='par_1_3' title="bbox 223 2199 1500 2300">
     <span class='ocr_line' id='line_1_39' title="bbox 310 2199 1499 2245; baseline -0.006 -8"><span class='ocrx_word' id='word_1_350' title='bbox 310 2206 491 2239; x_wconf 77' lang='lat' dir='ltr'>Secundum</span> <span class='ocrx_word' id='word_1_351' title='bbox 527 2204 771 2245; x_wconf 78' lang='lat' dir='ltr'>grammaticum</span> <span class='ocrx_word' id='word_1_352' title='bbox 808 2203 1088 2244; x_wconf 81' lang='lat' dir='ltr'>interpretationis</span> <span class='ocrx_word' id='word_1_353' title='bbox 1123 2203 1249 2243; x_wconf 85' lang='lat' dir='ltr'>partem</span> <span class='ocrx_word' id='word_1_354' title='bbox 1283 2212 1321 2232; x_wconf 85' lang='lat' dir='ltr'>ea</span> <span class='ocrx_word' id='word_1_355' title='bbox 1352 2211 1431 2241; x_wconf 89' lang='lat' dir='ltr'>quae</span> <span class='ocrx_word' id='word_1_356' title='bbox 1461 2199 1499 2231; x_wconf 80' lang='lat' dir='ltr'>ad</span> 
     </span>
     <span class='ocr_line' id='line_1_40' title="bbox 223 2253 1500 2300; baseline -0.005 -10"><span class='ocrx_word' id='word_1_357' title='bbox 223 2261 437 2293; x_wconf 68' lang='lat' dir='ltr'>elocutionem</span> <span class='ocrx_word' id='word_1_358' title='bbox 459 2259 621 2300; x_wconf 76' lang='lat' dir='ltr'>pertinent</span> <span class='ocrx_word' id='word_1_359' title='bbox 641 2257 771 2288; x_wconf 57' lang='lat' dir='ltr'>Servius</span> <span class='ocrx_word' id='word_1_360' title='bbox 793 2257 930 2288; x_wconf 81' lang='lat' dir='ltr'>maxime</span> <span class='ocrx_word' id='word_1_361' title='bbox 953 2256 1111 2288; x_wconf 80' lang='lat' dir='ltr'>tractavit.</span> <span class='ocrx_word' id='word_1_362' title='bbox 1150 2254 1379 2287; x_wconf 82' lang='lat' dir='ltr'>vocabulorum</span> <span class='ocrx_word' id='word_1_363' title='bbox 1400 2253 1500 2295; x_wconf 83' lang='lat' dir='ltr'>igitur</span> 
     </span>
    </p>
   </div>
   <div class='ocr_carea' id='block_1_3' title="bbox 296 2376 702 2409">
    <p class='ocr_par' dir='ltr' id='par_1_4' title="bbox 296 2376 702 2409">
     <span class='ocr_line' id='line_1_41' title="bbox 296 2376 702 2409; baseline -0.01 -6"><span class='ocrx_word' id='word_1_364' title='bbox 296 2381 319 2409; x_wconf 88' lang='lat'>1)</span> <span class='ocrx_word' id='word_1_365' title='bbox 340 2377 373 2402; x_wconf 77' lang='lat' dir='ltr'>cs.</span> <span class='ocrx_word' id='word_1_366' title='bbox 394 2376 515 2402; x_wconf 68' lang='lat' dir='ltr'>Thomas</span> <span class='ocrx_word' id='word_1_367' title='bbox 536 2384 560 2408; x_wconf 86' lang='lat' dir='ltr'>p.</span> <span class='ocrx_word' id='word_1_368' title='bbox 585 2377 628 2399; x_wconf 58' lang='lat'>1⁸1</span> <span class='ocrx_word' id='word_1_369' title='bbox 644 2382 702 2407; x_wconf 72' lang='lat' dir='ltr'>sqq.</span> 
     </span>
    </p>
   </div>
  </div>
 </body>
</html>
