1690 2611
189 691 219 713 10

186 960 216 982 15

183 1228 216 1251 ‘20

243 119 307 150 596
818 122 937 149 SERVII

243 203 324 233 unde
349 204 398 233 est
423 206 454 234 et
478 203 561 243 <84>
587 203 737 244 ‘adytis’,
762 216 841 247 quae
866 205 1059 246 templorum
1084 207 1167 246 sunt,
1191 207 1222 236 et
1242 205 1326 246 (93)
1346 205 1516 238 ‘successit

243 256 400 298 tumulo’,
425 257 510 298 quod
535 258 584 288 est
608 256 759 289 hominis.

330 310 381 341 49.
419 319 489 342 NISI
517 319 657 343 FALLOR
691 322 755 343 non
787 312 879 353 quasi
910 312 1036 343 nescius
1068 312 1162 353 dixit,
1194 312 1250 343 sed
1279 314 1411 354 propter
1441 313 1517 344 anni

242 364 478 405 confusionem,
512 375 592 406 quae
617 366 686 396 erat
720 365 803 406 apud
837 366 985 397 maiores.
1039 377 1115 397 nam
1149 367 1225 396 ante
1258 365 1428 397 Caesarem
1462 367 1517 408 qui

240 417 334 448 nobis
359 418 434 449 anni
458 418 615 450 rationem
640 419 819 460 conposuit,
843 430 939 460 quam
958 419 1117 461 hodieque
1142 430 1320 461 servamus,
1349 419 1516 451 intercala-

241 471 359 502 bantur
382 471 492 503 decem
520 472 602 513 dies,
630 474 666 503 ut
690 472 788 504 etiam
818 473 850 503 in
880 471 1027 504 Verrinis
1051 472 1104 513 <II
1127 473 1156 513 2,
1181 473 1232 514 5⁴2,
1259 472 1342 513 129>
1371 473 1517 514 legimus,

241 524 364 556 scilieet
383 525 478 557 lunae
497 537 562 557 non
582 528 778 567 congruente
798 526 932 558 ratione.
970 537 1091 557 annum
1110 529 1218 558 autem
1233 526 1337 567 primo
1353 526 1516 567 Eudoxus,

240 580 314 619 post
337 578 552 620 Hipparchus,
578 579 690 610 deinde
714 579 930 618 Ptolomaeus,
956 579 995 611 ad
1019 580 1169 611 ultimum
1199 578 1319 611 Caesar
1342 580 1516 621 deprehen-

241 631 297 664 dit.
388 641 549 664 ACERBVM
573 635 706 674 propter
730 633 890 674 perditum
914 635 1047 674 patrem.
1509 625 1511 627 Ι

328 686 379 718 50.
416 695 635 718 HONORATVM
661 686 737 728 quia
769 687 846 718 deus
880 687 1011 718 effeetus
1044 689 1100 719 est.
1191 696 1243 719 s1c
1272 696 1310 719 DI
1334 696 1515 719 VOLvlsrls

239 742 274 770 ut
298 740 332 770 in
355 740 451 771 tertio
477 741 540 780 <·2>
564 740 686 771 visum
711 741 870 781 superis.
918 752 1045 782 semper
1074 741 1160 772 enim
1188 741 1225 772 de
1250 741 1311 772 diis
1341 741 1431 772 salva
1460 752 1511 772 ve·

239 794 406 825 neratione
431 794 646 835 conqueritur.
682 805 756 825 sam*
779 806 795 823 *
809 795 1053 826 subaudiendmn
1076 795 1266 827 extrinsecus.

327 848 378 879 51.
416 856 588 879 GAETVLIS
612 856 753 879 AGEREM
779 857 809 879 SI
829 857 994 880 srnrfflvs
1015 848 1041 879 si
1060 848 1093 879 in
1113 848 1259 880 Gaetulis
1278 848 1422 890 syrtibus
1443 859 1516 890 age-

238 912 316 942 rem,
339 902 371 933 id
396 904 444 932 est
468 912 580 933 essem.
627 904 659 932 et
688 901 769 932 bene
793 903 849 933 aut
873 901 1025 943 desertos,
1049 903 1105 933 aut
1127 901 1263 934 hostiles
1283 904 1516 934 commemorat

237 955 334 987 locos.
381 947 456 986 scine
479 955 585 986 multis
607 956 705 987 modis
728 956 782 987 hoe
806 956 867 987 loco
892 956 978 987 ludos
1005 956 1075 996 fleri
1101 956 1203 988 debere
1225 956 1314 987 dicit:
1343 966 1363 986 a
1391 956 1513 987 necessi-

236 1011 295 1040 tate
319 1009 414 1040 ‘hunc
437 1020 487 1050 eqo
510 1008 666 1041 Gaetulis'
690 1012 718 1041 ct
740 1009 875 1049 reliqua:
899 1009 942 1041 ab·
960 1011 1163 1050 oportunitate
1187 1009 1284 1041 ‘mmo
1307 1010 1388 1041 ultro
1412 1010 1454 1041 ad
1476 1010 1514 1040 ci-

234 1073 319 1094 neres
343 1062 473 1103 ipsius’:
496 1066 532 1094 ut
553 1066 581 1095 et
594 1063 746 1104 praemiis
764 1063 871 1094 invitet
890 1063 979 1095 ‘bina
998 1064 1086 1095 boum
1105 1063 1188 1095 vobis
1209 1062 1313 1095 Troia'
1334 1066 1361 1095 et
1378 1063 1514 1103 reliqua:

234 1117 341 1148 deinde
366 1128 478 1157 yenera
506 1118 707 1149 certaminum
737 1116 862 1157 ‘quique
884 1117 999 1157 pedum
1027 1128 1118 1149 cursu
1145 1116 1239 1149 valet'
1268 1119 1296 1148 et
1321 1117 1455 1157 reliqua:
1487 1119 1515 1148 ct

235 1171 403 1202 orationem
426 1171 583 1211 auspicato
607 1171 757 1202 concludit
778 1171 901 1202 dicendo
927 1170 993 1202 ‘ore
1014 1171 1111 1211 favete
1134 1181 1236 1203 omnes
1259 1173 1287 1202 ct
1309 1171 1419 1211 cinyite
1443 1173 1513 1202 tem-

233 1236 311 1266 pora
334 1224 455 1256 ramis'.
546 1238 625 1257 Exn
649 1227 735 1256 extra
757 1225 855 1256 solum
878 1235 978 1256 suum.

325 1279 375 1310 52.
413 1287 637 1310 ARGOLICOVE
657 1288 744 1310 MARI
767 1278 877 1310 lonico
903 1280 935 1310 et
956 1278 1129 1310 Adriatico.
1198 1286 1398 1310 DEPRENSVS
1424 1289 1512 1310 occu-

236 1335 341 1374 patus.
380 1334 411 1363 et
435 1333 564 1374 proprie
588 1333 800 1374 navigantum
825 1334 886 1371 est,
911 1334 947 1363 ut
971 1332 1169 1373 deprensis
1195 1332 1286 1363 olim
1311 1332 1432 1363 statio
1456 1333 1512 1363 tu-

236 1386 390 1418 tissima
414 1387 554 1419 nautis.
645 1395 736 1418 VRBE
760 1395 899 1418 MYCENE
929 1385 1050 1417 Graece
1079 1385 1173 1417 dixit:
1202 1385 1284 1417 unde
1314 1385 1512 1427 singularem

235 1451 404 1471 numerum
429 1441 547 1480 posuit.
592 1439 757 1481 “Mycene'
778 1442 887 1471 autem
907 1441 990 1471 sieut
1010 1439 1164 1471 tThebe’:
1188 1439 1350 1470 Iuvenalis
1374 1438 1456 1478 <XV
1472 1439 1512 1480 6>

236 1496 352 1534 atque
376 1496 486 1524 vetus
512 1493 640 1525 Thebe
665 1496 815 1525 eentum
840 1494 942 1525 iacet
966 1494 1107 1525 obruta
1130 1493 1269 1534 portis,
1296 1494 1333 1524 ut
1362 1492 1405 1523 sit
1428 1491 1511 1534 ‘My-

236 1558 312 1578 cene
337 1546 512 1588 Myoenes’,
536 1549 572 1579 ut
596 1547 725 1589 ‘Agave
749 1547 906 1589 Agaves’.
952 1549 1061 1588 potest
1090 1549 1122 1579 et
1152 1547 1263 1578 exinde
1292 1546 1441 1578 Latinam
1468 1546 1512 1577 fe-

306 1639 322 1661 4
346 1644 411 1662 nam
436 1636 500 1662 aute
526 1635 671 1662 Caesarem
691 1657 696 1662 .
719 1657 724 1661 .
745 1657 750 1662 .
771 1635 965 1669 deprehendit]
996 1644 1081 1662 exscr.
1103 1635 1188 1662 schol.
1209 1634 1315 1661 Lucani
1334 1634 1370 1661 ad
1389 1634 1413 1660 X
1435 1637 1484 1661 187
1505 1635 1512 1667 Η

235 1674 269 1697 20
291 1670 384 1697 ‘Exul'
406 1672 484 1698 extra
503 1671 592 1698 solum
612 1672 703 1705 suum]
725 1671 758 1698 cf.
778 1671 842 1698 isid.
859 1680 896 1698 or.
913 1671 936 1697 V
953 1674 995 1704 27,
1006 1674 1039 1697 ‘28
1054 1672 1062 1706 Η
1078 1674 1110 1697 ‘32
1126 1670 1280 1713 deprensis]
1296 1678 1390 1705 georg.
1406 1670 1444 1696 IV
1459 1673 1510 1696 421

309 1756 321 1778 1
343 1752 424 1778 aditis
444 1752 575 1779 FONM
604 1752 707 1779 additis
726 1752 751 1778 L
765 1753 773 1787 Η
795 1755 810 1778 4
831 1752 878 1786 qui
898 1751 977 1778 nobis
998 1773 1003 1778 .
1025 1773 1030 1778 .
1052 1773 1056 1778 .
1077 1751 1315 1778 intercalabantur
1333 1751 1392 1777 dies
1412 1759 1461 1777 om.
1476 1750 1511 1783 L,

237 1789 266 1814 in
284 1797 369 1822 τηατ-(Ι.
389 1788 440 1820 inf.
461 1789 595 1821 supplevit
614 1789 623 1814 Z
651 1789 659 1822 Η
687 1788 734 1822 qui
755 1810 760 1814 .
782 1809 786 1814 .
808 1809 812 1814 .
835 1787 987 1822 servamus]
1015 1788 1092 1814 cuius
1116 1787 1253 1814 rationem
1278 1786 1360 1813 hodie
1385 1786 1419 1813 de
1438 1794 1510 1812 anno

235 1824 378 1857 sequimur
399 1824 435 1849 M
456 1825 464 1858 Η
493 1828 507 1850 6
528 1835 544 1849 x
564 1824 623 1850 dies
643 1824 680 1850 M
704 1824 800 1850 decem
820 1823 878 1850 dies
897 1824 906 1849 I
934 1824 1028 1850 autem
1048 1823 1107 1849 dies
1127 1823 1156 1849 κ’
1177 1824 1240 1857 (pro
1260 1833 1275 1848 x
1296 1822 1387 1855 lcqisse
1405 1822 1512 1848 videtur

236 1860 367 1886 librarius
398 1860 415 1884 Ιῖ
436 1860 454 1886 i.
471 1868 489 1886 ο.
507 1862 619 1893 celetem:
639 1860 734 1886 decem
749 1859 906 1885 omNLII
918 1862 942 1885 ct
956 1860 1034 1886 schol.
1047 1859 1157 1885 Lucani
1171 1859 1179 1893 Η
1194 1857 1329 1892 Verrinis]
1346 1857 1456 1891 uergnis
1469 1857 1491 1884 C
1504 1858 1512 1889 Η

236 1899 250 1921 7
272 1895 470 1929 incongruenti}
487 1895 517 1921 ΙΙ
529 1897 537 1929 Η
552 1904 638 1921 annos
656 1896 705 1921 Ml
719 1896 727 1929 Η
743 1896 835 1921 autem
870 1897 901 1921 ut
916 1895 975 1921 NL
983 1895 1014 1921 II
1032 1896 1091 1924 (aut
1104 1904 1123 1921 n
1143 1895 1237 1921 autem
1252 1894 1271 1928 l)
1286 1895 1294 1928 Η
1309 1897 1324 1920 8
1345 1894 1473 1927 ipparcus
1484 1893 1514 1918 1⁸

236 1931 385 1964 ipparchus
407 1931 429 1956 G
455 1931 584 1964 iparchus
605 1931 663 1956 NL
692 1931 802 1964 iparcus
856 1931 891 1956 M
904 1932 912 1965 Η
927 1931 1050 1957 olomeus
1066 1930 1095 1956 F
1107 1932 1115 1965 Η
1131 1930 1230 1957 Caesar
1250 1938 1299 1956 om.
1312 1930 1347 1955 M
1360 1930 1369 1964 Η
1385 1932 1415 1955 11
1437 1929 1511 1955 enim

235 1975 284 1992 mn.
298 1967 332 1992 M
347 1968 355 2001 Η
372 1970 402 1992 12
419 1976 483 1992 sane
501 1967 653 1999 ‘quoniam’
671 1967 892 1993 subandiendum
910 1966 943 1993 F.
956 1967 1104 1993 Sehoellizcs
1118 1968 1126 2000 Η
1143 1969 1174 1992 13
1190 1966 1244 1992 si..
1255 1986 1260 1991 .
1271 1973 1383 1999 agerem
1398 1973 1447 1992 om.
1459 1964 1492 1990 H
1503 1965 1512 1999 Η

237 2006 269 2028 15
289 2002 384 2028 multis
403 2002 492 2028 modis
577 2003 604 2028 et
624 2003 734 2035 cingere
755 2003 813 2035 (sic)
833 2004 960 2036 tempora
979 2002 1063 2029 mirto
1084 2003 1143 2035 (sic)
1162 2003 1193 2027 in
1211 2009 1296 2034 marg.
1315 2000 1358 2035 ΤΗ
1373 2000 1443 2026 dicit
1461 2008 1509 2026 om.

239 2038 282 2072 ΤΗ
303 2041 335 2064 16
355 2038 440 2071 hune]
461 2039 492 2063 ut
512 2039 584 2064 hunc
609 2038 651 2072 ΤΗ
671 2038 754 2072 nunc]
776 2039 807 2064 ut
826 2047 896 2064 nune
921 2038 944 2063 'J'
956 2040 964 2072 Η
985 2041 1015 2064 17
1037 2039 1065 2064 et
1083 2047 1131 2064 om.
1156 2038 1180 2063 Τ
1190 2038 1198 2071 Η
1218 2036 1326 2063 inuidet
1344 2036 1373 2062 F
1385 2037 1394 2071 Η
1408 2036 1510 2062 boumn

237 2074 265 2099 F
283 2075 291 2107 Η
316 2077 347 2099 18
367 2073 466 2099 deinde
486 2082 589 2105 genera
611 2074 645 2099 T:
665 2074 782 2099 deuidac
802 2083 869 2107 gera
888 2073 918 2099 F
930 2075 938 2107 Η
957 2074 1060 2107 quique
1085 2074 1118 2099 T:
1138 2073 1185 2107 qui
1205 2073 1275 2099 duae
1296 2072 1325 2097 F
1350 2072 1432 2105 quive
1452 2071 1510 2097 Da-

236 2111 290 2136 niel
304 2111 312 2143 Η
333 2109 424 2143 cursu]
446 2114 511 2134 curn
533 2109 561 2134 ]‹'
578 2111 586 2143 Η
612 2113 642 2135 19
663 2109 792 2143 aupicato
813 2110 842 2135 1¹v
862 2111 870 2143 Η
895 2113 925 2135 21
948 2109 1022 2135 ionio
1043 2109 1099 2135 FU
1118 2110 1126 2143 Η
1151 2117 1333 2135 υιςιίιιειιιῡκενε
1356 2106 1488 2134 ΟΝΗΜ
1502 2106 1511 2141 Η

236 2150 268 2171 22
290 2145 514 2179 nauigatunitnni
535 2145 557 2169 (J
589 2146 751 2177 nanigatnm
772 2145 797 2171 L
818 2147 896 2176 (corr.
917 2146 935 2174 l)
960 2146 968 2179 Η
996 2144 1174 2179 deprehensis
1194 2144 1217 2171 G
1247 2144 1389 2178 depscnsis
1407 2142 1440 2169 N
1464 2142 1509 2168 de-

238 2181 342 2214 prensis
362 2189 395 2207 ea:
414 2180 563 2214 deprensus
584 2181 608 2206 L
637 2181 770 2213 chhensi
792 2181 858 2207 solis
881 2181 911 2206 l!
927 2182 935 2215 Η
959 2184 992 2207 23
1012 2191 1125 2207 MICENEE
1145 2180 1174 2206 F
1200 2188 1339 2206 iun-Arcum:
1360 2178 1383 2205 C'
1408 2187 1510 2204 MYCENH

237 2217 260 2242 J,
290 2227 401 2243 mensu:
421 2216 452 2242 11
479 2225 591 2241 ›nrm-An
613 2217 647 2242 M
666 2218 673 2250 Η
696 2216 764 2242 dicit
783 2217 849 2242 NII
875 2217 976 2243 dicitnr
997 2217 1021 2242 11
1040 2217 1048 2251 Η
1072 2220 1105 2242 :24
1126 2224 1256 2249 mycenae
1277 2215 1300 2241 0
1325 2213 1430 2240 micene
1450 2213 1514 2239 LII

237 2253 361 2279 micenae
382 2252 417 2278 ΙΙΙ
431 2253 439 2286 Η
454 2252 516 2278 tebe
538 2251 567 2277 1¹*
593 2252 694 2277 thebae
710 2252 776 2278 LM
791 2254 799 2285 Η
819 2256 852 2278 ‘35
872 2252 960 2285 adque
976 2252 1041 2278 NJ!
1055 2253 1063 2286 Η
1078 2252 1179 2278 thebae
1195 2251 1267 2277 HM
1279 2252 1288 2285 Η
1303 2250 1422 2282 obrupta
1441 2248 1512 2274 FM

236 2290 264 2322 (1»
280 2289 329 2314 dcl.
342 2290 376 2314 ml
392 2289 400 2321 Η
415 2295 545 2321 mycena(-
567 2288 628 2312 (tm
658 2288 757 2314 init-ine
777 2288 808 2313 N
830 2288 935 2314 mic-ene
956 2288 1016 2314 Lu
1031 2289 1039 2322 Η
1054 2292 1087 2314 :36
1107 2289 1227 2313 miceues
1246 2286 1306 2312 NL
1331 2284 1448 2311 micel-as
1458 2285 1489 2310 H
1501 2285 1510 2319 Η

237 2333 338 2357 ugraue
361 2324 388 2349 ll
412 2325 420 2357 Η
444 2323 540 2355 agranis
561 2323 589 2348 F
616 2332 735 2355 aganaes
755 2324 787 2349 N
813 2332 929 2358 agi-aues
949 2324 981 2349 Il
1000 2324 1009 2358 Η
1033 2325 1062 2350 et
1080 2332 1130 2350 om.
1150 2323 1179 2349 F
1184 2322 1207 2349 C
1226 2322 1235 2356 ΙΙ
1260 2322 1331 2348 inter
1351 2320 1466 2347 latinam
1486 2324 1509 2347 ct

238 2360 335 2386 fecisse
354 2368 428 2393 supr.
448 2367 514 2386 vers.
535 2358 623 2385 uideri
642 2359 704 2385 add.
721 2367 739 2384 n
