1690 2611
294 117 405 144 Lxxlv
823 118 1036 145 PRAEFATlo.

296 199 401 240 quarti
428 200 602 231 voluminis
628 200 827 241 praefatione
852 212 881 242 p.
906 200 977 231 XLI
1003 212 1071 242 sqq.
1097 200 1286 242 plenissime
1311 200 1504 242 disputavit,
1527 202 1573 233 ni-

294 252 341 284 hil
368 252 438 284 dico
463 253 526 284 nisi
551 253 634 284 inter
659 254 926 285 commentarium
956 254 989 285 in
1015 255 1118 285 artem
1142 252 1264 285 Donati
1294 265 1312 284 a
1341 253 1448 286 Keilio
1473 254 1520 286 IV
1544 266 1573 295 p.

295 306 471 338 405—448
498 306 619 338 editum
645 308 677 338 et
701 308 803 339 multa
826 307 1007 349 Vergiliani
1041 307 1267 339 commentarii
1296 307 1420 339 scholia
1447 310 1574 340 tantam

296 371 365 390 esse
390 359 650 402 similitudinem,
681 363 717 392 ut
741 361 781 392 ab
807 361 919 392 eodem
952 361 1084 392 homine
1128 362 1297 401 utrumque
1325 361 1446 392 librum
1475 361 1573 402 scrip—

296 415 366 444 tum
391 424 461 444 esse
486 415 608 445 certum
635 414 684 445 sit.
728 414 766 445 cf.
791 416 960 446 comment.
986 414 1019 445 111
1044 416 1102 445 art.
1127 414 1208 445 Don.
1233 425 1263 455 p.
1287 414 1362 455 405,
1386 415 1405 446 2
1431 416 1462 446 et
1486 413 1573 447 Serv.

296 467 334 497 ad
360 467 438 498 Aen.
463 466 493 498 V
524 467 600 508 705,
630 479 658 508 p.
684 468 756 506 406,
784 468 797 498 1
827 470 858 498 et
884 468 961 498 Aen.
985 467 1062 508 XII,
1086 468 1164 509 486,
1193 479 1222 508 p.
1247 468 1325 508 407,
1355 468 1375 499 5
1404 469 1436 499 et
1464 478 1574 510 georg.

296 520 325 551 II
353 521 432 561 169,
455 532 484 562 p.
509 521 582 559 407,
607 521 649 552 30
675 523 706 552 et
731 521 809 552 Aen.
835 521 846 552 Ι
873 522 929 561 96,
954 533 983 562 p.
1009 521 1087 561 407,
1112 521 1154 552 34
1180 523 1211 552 et
1235 520 1313 552 Aen.
1338 520 1418 552 VIII
1444 521 1519 562 127,
1544 532 1574 562 p.

297 575 371 615 409,
399 575 438 605 10
463 576 495 605 et
520 574 597 606 Aen.
618 574 697 605 VIII
719 575 773 615 77,
798 586 827 615 p.
853 575 927 615 409,
942 576 985 606 20
1009 576 1041 605 et
1066 574 1144 605 Aen.
1159 574 1190 604 II
1207 575 1280 615 610,
1304 574 1333 605 X
1354 574 1431 615 5903
1455 586 1484 616 p.
1500 575 1574 615 411,

302 629 314 658 1
343 630 375 659 et
398 627 478 659 Aen.
502 628 516 658 I
547 629 602 668 953
627 639 656 668 p.
681 628 755 668 411,
780 628 822 659 20
847 630 878 658 et
902 627 982 659 Aen⁴
1005 628 1019 658 I
1045 628 1118 668 318,
1143 627 1172 658 X
1193 628 1266 668 235,
1291 627 1352 658 XII
1373 627 1429 668 97,
1454 639 1484 669 p.
1500 628 1576 669 412,

297 682 339 712 20
364 684 397 712 et
421 681 500 713 Aen.
526 681 539 711 I
566 682 637 721 713,
664 681 733 712 buc.
759 680 837 712 VIII
864 682 918 721 713
942 693 972 722 p.
989 682 1062 722 414,
1083 682 1123 711 33
1150 682 1181 712 et
1206 680 1284 711 Aen.
1300 680 1329 711 V
1354 681 1432 721 310,
1456 693 1486 722 p.
1501 681 1575 722 416,

301 736 314 765 1
343 736 375 765 et
395 734 474 766 Aen.
500 734 513 764 I
539 735 572 774 2,
597 745 626 775 p.
651 735 724 775 416,
749 735 767 765 9
794 736 825 765 et
850 734 928 766 Aen.
953 734 966 764 I
992 735 1064 773 346,
1090 735 1167 775 224,
1192 734 1238 765 IV
1262 747 1291 776 p.
1307 735 1386 775 416,
1410 735 1453 765 22
1477 734 1530 775 (cf.
1546 746 1574 775 p.

297 788 371 828 428,
398 787 453 829 18)
479 790 510 819 et
534 787 613 818 Aen.
638 787 683 818 IV
709 788 787 828 341,
812 787 840 818 V
868 788 922 828 19,
947 799 975 828 p.
999 788 1074 827 417,
1094 788 1135 818 23
1161 790 1193 818 et
1212 786 1292 818 Aen.
1310 787 1325 817 Ι
1351 787 1428 828 121,
1453 798 1482 828 p.
1501 788 1576 827 417,

297 842 338 872 35
363 843 395 872 et
425 841 502 872 Aen.
531 841 578 871 III
606 842 659 881 14,
685 840 763 872 VIII
792 840 866 881 195,
896 852 925 881 p.
950 841 1028 881 418,
1055 842 1069 871 1
1103 842 1135 872 et
1166 840 1245 872 Aen.
1269 840 1284 871 I
1309 841 1342 879 4,
1367 841 1423 882 26,
1447 852 1476 882 p.
1500 841 1575 882 418,

299 895 340 925 33
367 897 398 925 et
423 894 502 926 Aen.
526 894 573 925 III
598 895 675 934 427,
701 904 809 935 georg.
834 893 881 924 III
906 894 961 933 55,
986 906 1014 935 p.
1036 894 1110 935 419,
1130 894 1150 925 5
1175 896 1207 925 et
1231 894 1309 925 Aen.
1334 894 1349 924 I
1374 895 1430 934 24,
1454 906 1484 935 p.
1501 895 1575 935 419,

301 950 339 979 16
366 950 397 979 et
420 948 499 979 Aen.
524 947 585 979 VII
611 948 684 988 289,
708 947 753 977 XI
778 948 857 988 262,
881 948 962 988 419,
987 948 1028 978 30
1054 950 1086 978 et
1110 947 1189 978 Aen.
1214 947 1229 977 I
1256 948 1317 978 176
1348 945 1400 989 (cf.
1430 947 1576 988 Pompeii

299 1003 468 1033 comment.
493 1013 523 1042 p.
539 999 699 1042 275,11)3
723 1013 752 1042 p.
768 1001 847 1041 420,
866 1001 904 1032 12
930 1003 961 1031 et
977 1000 1083 1031 Α911.Ι
1111 1002 1187 1041 750,
1212 1012 1241 1041 p.
1266 1000 1346 1041 425,
1378 1001 1418 1031 14
1443 1002 1474 1031 et
1498 1000 1578 1031 Aen.

297 1055 326 1086 II
356 1056 403 1086 16.
441 1056 539 1086 etiam
565 1055 694 1096 longius
719 1054 869 1096 prosequi
894 1054 975 1086 hanc
1002 1054 1246 1085 similitudinem
1266 1065 1331 1085 non
1351 1053 1478 1085 videtur
1498 1064 1577 1094 opus

297 1120 381 1150 esse,
405 1109 594 1150 praesertim
621 1120 692 1140 cum
718 1108 912 1140 Thomasius
939 1108 1037 1149 (essai
1061 1119 1090 1149 p.
1117 1108 1182 1139 212
1199 1106 1258 1150 sq.)
1280 1107 1357 1138 satis
1382 1107 1486 1138 multa
1510 1107 1577 1138 eius

301 1163 448 1204 exempla
473 1162 651 1203 collegerit.

389 1215 511 1248 Studiis
537 1216 569 1247 in
584 1215 847 1257 Vergilianorum
873 1215 1053 1246 carminum
1077 1214 1347 1256 interpretatione
1371 1214 1486 1255 positis
1507 1213 1578 1245 Ser-

301 1270 370 1301 vius
396 1272 427 1301 et
452 1270 537 1311 apud
562 1269 710 1310 aequales
736 1280 811 1300 suos
836 1271 867 1299 et
892 1268 975 1309 apud
999 1270 1147 1309 posteros
1173 1268 1324 1299 eximiam
1350 1267 1577 1298 auctoritatem

300 1325 490 1355 consecutus
515 1325 574 1354 est.
616 1322 710 1354 testis
732 1323 780 1353 est
795 1321 979 1353 Macrobius
1006 1321 1059 1362 qui
1083 1321 1261 1353 doctrinam
1287 1321 1493 1362 grammatici
1513 1332 1578 1353 non

298 1388 361 1408 11110
386 1376 647 1408 Saturnaliorum
676 1376 747 1408 loeo
778 1387 850 1407 cum
880 1375 1020 1406 maxima
1053 1375 1265 1406 admiratione
1290 1374 1449 1416 laudavit,
1477 1376 1578 1406 testes

299 1433 374 1462 sunt
398 1430 558 1462 inferioris
584 1430 700 1462 aetatis
726 1429 900 1470 scriptores
921 1440 1001 1470 quos
1022 1439 1037 1459 e
1058 1428 1298 1460 commentariis
1324 1429 1392 1459 eius
1417 1427 1522 1459 multa
1545 1427 1579 1458 in

299 1495 391 1515 suum
416 1495 508 1515 usum
534 1484 730 1515 convertisse
756 1482 889 1514 ostendi.
929 1483 1010 1522 quod
1032 1483 1139 1513 autem
1160 1482 1340 1513 doctissimi
1365 1481 1495 1523 quidam
1516 1481 1579 1512 viri

300 1539 355 1569 aut
383 1537 583 1569 Maerobium
614 1537 651 1567 de
682 1536 785 1568 Servii
817 1536 965 1567 doctrina
994 1535 1213 1567 adsentatorie
1243 1535 1346 1577 magis
1377 1546 1473 1576 quam
1505 1545 1578 1566 vere

300 1591 457 1623 iudicasse
482 1593 538 1622 aut
562 1591 729 1632 vulgatum
745 1589 1012 1621 commentarium
1026 1589 1107 1620 nihi]
1132 1589 1195 1620 nisi
1219 1589 1302 1620 exile
1327 1587 1474 1620 Serviani
1494 1598 1576 1618 sum-

300 1645 437 1676 marium
462 1655 532 1676 esse
557 1646 763 1684 censuerunt,
792 1643 866 1675 nolo
892 1643 938 1674 ita
962 1653 1115 1674 excusare
1139 1641 1353 1683 Macrobium,
1383 1643 1418 1673 ut
1442 1651 1578 1682 exagge-

300 1699 400 1729 randa
425 1697 527 1729 Servii
553 1699 672 1730 virtute
698 1709 769 1728 eum
795 1698 850 1728 aut
875 1696 1070 1728 urbanitatis
1095 1696 1221 1727 laudem
1252 1697 1397 1737 captasse
1427 1696 1483 1726 aut
1512 1705 1577 1726 ser-

301 1752 450 1783 monibus
476 1764 494 1783 a
518 1763 551 1783 se
581 1751 735 1792 expositis
767 1751 838 1792 plus
870 1750 1050 1791 splendoris
1083 1749 1197 1781 addere
1222 1750 1363 1781 voluisse
1394 1749 1512 1790 dicam,
1544 1760 1579 1779 ac

302 1817 340 1837 ue
366 1805 441 1836 illud
469 1805 597 1846 quidem
622 1815 839 1836 commemoro
861 1803 945 1845 quod
966 1814 1063 1844 supra
1084 1803 1252 1834 ostendere
1277 1804 1412 1835 conatus
1438 1813 1518 1843 suni,
1538 1802 1579 1833 ab

301 1859 430 1891 homine
463 1859 495 1889 in
529 1858 724 1890 scholastica
755 1858 935 1889 eruditione
969 1859 1096 1888 versato
1131 1857 1163 1888 in
1197 1856 1452 1888 adulescentium
1486 1866 1579 1887 usum

302 1913 483 1945 breviorem
509 1911 775 1943 commentarium
801 1911 956 1952 scriptum
984 1921 1066 1951 esse3
1097 1910 1180 1951 quod
1211 1911 1236 1941 si
1269 1911 1340 1952 quis
1370 1921 1480 1941 verum
1511 1920 1580 1940 esse

302 1966 497 1998 concesserit
521 1966 547 1996 is
572 1976 637 1996 non
662 1965 794 2006 negabit
818 1964 886 1995 fieri
911 1964 1070 2005 potuisse,
1094 1966 1130 1995 ut
1151 1963 1278 1995 Servius
1303 1963 1405 1995 multa
1430 1973 1510 2003 quae
1535 1961 1580 1993 eis

302 2031 438 2061 quorum
464 2019 640 2050 utilitatem
657 2018 796 2050 maxime
812 2019 973 2059 spectaret
992 2028 1103 2058 parum
1129 2018 1281 2058 prodesse
1305 2017 1488 2048 viderentur
1507 2025 1579 2046 con-

305 2074 390 2105 sulto
417 2073 588 2103 ‹›111itt‹=1·et.
631 2084 705 2103 nam
722 2072 856 2102 multum
884 2072 976 2102 abest
1000 2072 1035 2102 ut
1058 2071 1241 2102 reconditae
1266 2070 1430 2101 doctrinae
1454 2068 1580 2099 laudem

304 2127 416 2158 Servio
442 2126 602 2157 vindicare
628 2125 733 2156 velim.
777 2125 830 2156 sed
856 2125 883 2156 si
908 2124 1003 2156 modo
1030 2135 1141 2155 causas
1161 2123 1386 2166 neglegentiae
1410 2122 1497 2153 illius
1519 2133 1581 2163 qua

303 2181 340 2212 de
367 2180 425 2211 fide
446 2179 751 2211 commentariorum
768 2177 892 2209 detrahi
918 2178 997 2218 dixi,
1023 2180 1109 2209 recte
1125 2177 1297 2218 explicavi,
1322 2187 1392 2208 cum
1419 2186 1434 2206 e
1460 2185 1578 2205 11191110μ

305 2235 349 2265 ria
377 2234 566 2275 plerumque
592 2233 721 2264 Servius
747 2231 927 2272 scripserit,
958 2231 1025 2262 lieri
1050 2242 1113 2262 non
1139 2232 1247 2272 potest
1272 2229 1348 2270 quin
1374 2228 1579 2259 multarum

305 2299 410 2319 rerum
435 2289 531 2328 atquc
558 2286 674 2317 artium
706 2285 965 2325 compendiosam
997 2284 1085 2315 illam
1116 2278 1242 2325 quidem
1274 2293 1377 2323 neque
1407 2281 1484 2313 satis
1514 2292 1580 2312 cer*

305 2344 385 2382 lam,
410 2340 462 2371 sed
488 2341 671 2381 promptam
698 2339 863 2370 seientiam
889 2338 917 2369 ei
946 2338 1141 2378 tribuamus,
1171 2347 1266 2377 quam
1292 2336 1398 2367 aetate
1424 2335 1493 2376 illa,
1518 2346 1581 2376 qua
