1690 2611
497 120 610 147 COMM.
630 121 669 146 IN
688 120 796 146 VERG.
816 120 898 146 AEN.
919 121 966 146 ΙΙΙ.
987 124 1100 147 69-73.
1369 120 1432 151 351

160 201 259 234 ‘lenis'
278 205 380 233 autem
398 203 463 234 ideo
482 203 556 242 quia
574 203 714 242 superius
729 202 792 242 <8>
807 202 854 232 ait
872 203 933 233 vinc
946 203 1071 241 prima
1090 204 1279 242 inceperat
1297 205 1434 239 aestas,

159 258 187 286 et
209 256 288 287 lenes
310 257 390 287 venti
407 246 466 296 per
488 258 632 287 aestatem
654 257 734 286 sunt.

250 310 299 340 71.
337 322 495 341 Densa-VM
510 309 644 349 proprie,
667 311 703 339 ut
724 319 739 339 e
762 309 916 339 contrario
941 307 1140 340 ‘subducmzt’.

250 363 300 394 72.
338 371 548 401 TERRAEQVE
573 370 753 399 VRBESQVE
778 369 964 392 RECEDVNT
989 362 1157 402 physicam
1182 373 1249 393 rem
1270 362 1363 394 dixit:
1389 363 1435 393 ita

161 415 246 446 enim
270 416 498 457 navigantibus
522 415 656 453 videtur,
681 415 773 456 quasi
798 415 837 445 ab
862 414 913 445 his
938 417 1026 445 terra
1050 414 1202 446 discedat.

250 469 299 500 73.
346 478 455 501 SACRA
489 478 575 500 MARI
609 477 761 500 COLITVR
794 477 907 499 immo
942 467 1019 499 ordo
1054 470 1116 499 est:
1150 468 1182 499 in
1217 469 1298 499 mari
1327 468 1431 499 medio

160 522 289 563 Aegaeo
313 523 430 554 colitur
453 523 549 554 tellus
575 533 674 563 saera,
698 521 850 562 Neptuno
871 523 903 552 et
921 520 1097 552 Nereidum
1122 522 1228 562 matri,
1253 522 1285 552 id
1305 524 1354 552 est
1369 521 1433 552 Do-

158 576 219 606 ridi
252 576 448 616 gratissima.
500 575 611 606 fabula
643 578 745 606 autem
778 575 852 605 talis
887 576 947 606 est:
986 577 1060 615 post
1093 575 1240 606 vitiatam
1274 575 1433 607 Latonam

158 628 303 669 Iuppiter
326 639 397 659 oum
422 629 519 660 etiam
543 629 610 659 eius
631 639 772 659 sororem
788 628 939 659 Asterien
960 628 1075 659 vitiare
1097 628 1204 668 vellet,
1229 629 1285 659 illa
1310 629 1434 670 optavit

157 693 176 712 a
200 682 275 722 diis,
308 684 344 713 ut
371 682 406 713 in
434 693 526 713 avem
550 684 801 713 converteretur:
837 693 992 722 versaque
1017 682 1050 713 in
1074 682 1273 713 coturnicem
1297 685 1355 713 est.
1402 684 1433 712 et

158 746 228 765 eum
253 735 353 767 vellet
376 746 464 766 mare
488 735 715 775 transfretare,
740 735 825 776 quod
849 737 898 766 est
923 735 1137 775 coturnicum,
1172 735 1292 766 adflata
1317 746 1335 766 a
1359 735 1434 766 Iove

158 790 190 819 et
213 789 247 819 in
271 789 411 829 lapidem
436 799 597 827 conversa,
623 788 676 819 diu
702 788 761 818 sub
786 788 937 819 fluctibus
958 788 1064 819 latuit.
1097 791 1212 829 postea
1231 789 1433 829 supplicante

156 841 226 872 Iovi
254 841 392 882 Latona,
422 842 531 873 levata
559 842 733 882 superferri
762 841 854 882 aquis
885 842 999 882 coepit.
1045 841 1123 872 haec
1153 842 1256 882 primo
1281 842 1433 882 Neptuno

156 897 188 925 et
211 895 327 926 Doridi
351 895 413 926 fuit
438 897 631 926 consecrata.
677 897 791 935 postea
820 906 892 926 cum
915 895 995 926 Iuno
1021 895 1188 936 gravidam
1213 895 1360 936 Pythone
1385 896 1430 926 in-

156 948 255 979 misso
279 948 441 980 Latonam
463 951 722 989 persequeretur,
747 949 842 987 terris
867 948 1016 979 omnibus
1042 949 1175 989 expulsa
1199 949 1336 989 Latona,
1360 951 1430 980 tan-

156 1003 227 1033 dem
252 1002 425 1043 aliquando
451 1002 631 1042 adplicante
657 1013 689 1032 se
714 1002 865 1032 litoribus
896 1013 1005 1033 sorore
1034 1004 1184 1042 suscepta
1213 1005 1277 1042 est,
1305 1004 1336 1032 et
1364 1002 1432 1032 illio

156 1056 293 1087 Dianam
317 1056 431 1097 primo,
455 1058 530 1096 post
553 1055 740 1095 Apollinem
764 1055 898 1095 peperit.
937 1055 991 1096 qui
1016 1055 1128 1086 statim
1153 1055 1257 1086 occiso
1284 1054 1432 1095 Pythone

155 1109 240 1140 ultus
271 1114 320 1140 est
343 1109 458 1140 matris
483 1109 645 1140 iniuriam.
693 1119 769 1139 sane
792 1110 871 1139 nata
895 1108 1002 1139 Diana
1026 1108 1220 1149 parturienti
1244 1108 1431 1149 Apollinem

154 1162 253 1193 matri
281 1162 399 1193 dieitur
427 1161 614 1202 praebuisse
645 1161 828 1192 obstetricis
859 1161 1017 1192 officium:
1050 1162 1133 1193 unde
1163 1173 1233 1193 eum
1259 1161 1365 1192 Diana
1390 1162 1433 1193 sit

154 1216 260 1256 virgo,
293 1218 403 1246 tamen
427 1226 446 1246 a
469 1214 728 1255 parturientibus
754 1215 931 1246 invocatur.
977 1215 1056 1246 haee
1079 1226 1219 1256 namque
1244 1218 1293 1246 est
1317 1215 1431 1256 Diana,

154 1268 243 1309 Iuno,
267 1268 471 1309 Proserpina.
517 1270 595 1298 nata
618 1267 719 1309 igitur
743 1268 805 1299 duo
829 1268 962 1299 numina
987 1269 1107 1299 terram
1132 1269 1195 1299 sibi
1218 1269 1360 1299 natalem
1386 1280 1431 1300 er-

154 1332 225 1352 rare
249 1332 315 1352 non
337 1333 435 1363 passa
459 1324 547 1363 sunt,
572 1321 626 1352 sed
652 1333 722 1352 eam
746 1322 869 1352 duabus
894 1322 1007 1353 insulis
1033 1322 1264 1363 religaverunt.
1310 1323 1431 1354 veritas

154 1386 229 1406 vero
259 1375 355 1416 longe
385 1375 449 1406 alia
477 1377 534 1406 est.
580 1386 656 1406 nam
686 1375 764 1405 liaeo
789 1375 896 1406 insula
920 1386 992 1406 eum
1017 1377 1121 1406 terrae
1146 1378 1235 1406 motu
1261 1376 1432 1415 laboraret,

155 1428 210 1469 qui
234 1428 271 1459 fit
295 1429 354 1459 sub
379 1428 473 1459 terris
499 1429 675 1459 latentibus
701 1428 814 1469 ventis,
839 1429 924 1459 sicut
947 1428 1094 1459 Lucanus
1121 1428 1191 1468 <HI
1210 1429 1297 1468 460>
1323 1440 1432 1470 quae-

154 1483 303 1512 rentem
337 1492 532 1522 erumpere
565 1484 720 1512 ventum
753 1481 934 1522 credidit,
969 1482 1099 1513 oraculo
1128 1482 1292 1522 Apollinis
1326 1485 1457 1514 terrae*

156 1537 247 1566 motu
276 1535 387 1565 caruit.
434 1546 510 1566 nam
538 1535 717 1576 praecepit,
749 1546 788 1565 ne
818 1535 885 1565 illic
914 1537 1060 1566 mortuus
1093 1535 1296 1575 sepeliretur,
1334 1538 1369 1566 ut
1398 1537 1431 1567 ‘in

162 1588 307 1628 Vulcano,
332 1590 364 1618 et
387 1588 483 1619 iussit
507 1588 663 1630 quaedam
688 1588 845 1619 sacrificia
869 1588 947 1619 fieri.
982 1591 1095 1629 postea
1115 1599 1131 1618 e
1150 1588 1289 1629 Mycono
1310 1588 1433 1629 Gyaro-

161 1652 220 1682 que
244 1641 359 1672 vicinis
382 1641 497 1673 insulis
521 1641 634 1682 populi
657 1643 827 1682 venerunt,
857 1642 910 1682 qui
935 1652 1004 1672 eam
1030 1644 1190 1681 tenerent3
1225 1641 1309 1682 quod
1334 1642 1432 1673 etiam

225 1732 240 1754 3
259 1728 407 1755 Dedueunt
426 1750 432 1755 .
453 1750 458 1755 .
480 1750 485 1755 .
506 1729 674 1763 subducunt]
700 1729 733 1755 cf.
755 1729 819 1755 Isid.
839 1728 895 1755 diff.
917 1729 990 1754 verb.
1013 1732 1062 1755 156
1081 1730 1090 1762 ΙΙ
1113 1732 1127 1754 8
1149 1730 1211 1762 post
1230 1729 1358 1755 vitiatam
1379 1730 1431 1756 La-

154 1766 249 1790 tonam
269 1772 291 1789 e.
311 1773 336 1797 q.
357 1765 391 1798 s]
417 1773 502 1790 exscr.
529 1765 667 1798 mythogr.
688 1765 698 1790 Ι
719 1768 765 1797 37,
786 1765 809 1790 II
832 1768 877 1797 17,
899 1765 935 1790 Ill
956 1768 986 1797 8,
1007 1768 1029 1790 3,
1058 1765 1091 1789 ef.
1112 1764 1189 1790 Luet.
1210 1764 1284 1791 Plac.
1306 1765 1340 1790 ad
1361 1765 1430 1791 Stat.

157 1799 242 1825 Theb.
263 1799 300 1825 IV
322 1802 381 1832 796,
402 1800 424 1825 V
444 1803 504 1833 533,
524 1801 592 1826 ACh.
613 1801 624 1825 I
643 1804 703 1833 2013,
724 1803 774 1826 388

227 1882 243 1904 4
262 1879 331 1905 dicit
350 1879 411 1905 LE
423 1880 432 1913 ΙΙ
446 1882 461 1905 5
481 1879 613 1906 discedat.
633 1880 701 1906 item
721 1880 802 1906 aliter
821 1880 886 1906 iuno
907 1889 968 1906 cum
990 1880 1106 1906 uidisset
1125 1901 1130 1906 .
1147 1902 1151 1907 .
1169 1902 1174 1906 .
1195 1880 1339 1906 altissimis
1355 1889 1430 1907 mon-

155 1914 230 1940 tibus
251 1914 286 1948 F,
311 1916 359 1948 qui
378 1923 453 1941 error
472 1924 503 1941 ea
522 1924 550 1941 re
569 1919 714 1942 eoeeusatur
733 1917 804 1949 quod
823 1925 977 1944 'ri-:nnfflcovn
999 1937 1004 1942 .
1025 1937 1029 1941 .
1052 1936 1056 1940 .
1077 1915 1220 1942 altissimis
1240 1916 1381 1942 montibus
1403 1918 1432 1942 in

154 1951 261 1983 dextro,
290 1950 425 1976 Serviamt
453 1951 489 1976 ad
519 1951 610 1977 ‘saera
638 1951 708 1977 mari
732 1952 832 1977 colitur
857 1951 964 1977 medio’
993 1953 1022 1977 in
1045 1952 1157 1977 sinistro
1182 1953 1304 1985 maryme
1328 1952 1431 1985 scripta

153 1989 217 2012 sunt
236 1987 244 2019 Η
267 1989 281 2012 7
302 1994 370 2019 egeo
390 1986 453 2011 LH
478 1994 564 2019 aegeo
584 1987 620 2012 M
637 1987 645 2019 ΙΙ
667 1989 681 2011 8
703 1987 839 2013 Latonam
859 1995 907 2013 om.
930 1987 960 2012 F
976 1988 984 2021 [Ι
1006 1990 1020 2013 9
1041 1987 1163 2012 astarien
1183 1987 1214 2012 H
1232 1990 1240 2020 ΙΙ
1263 1987 1356 2013 uitiari
1377 1987 1431 2022 1⁸41

153 2021 215 2054 ipsa.
235 2022 272 2047 M
289 2023 312 2053 <T
330 2021 381 2047 illa
398 2029 530 2054 superscr.
551 2031 576 2047 m
590 2022 599 2055 ΙΙ
615 2025 646 2047 10
662 2022 704 2047 dis
720 2022 783 2048 LH
801 2022 863 2053 (diis
884 2023 902 2055 I)
917 2023 925 2056 Η
942 2026 971 2048 11
989 2022 1077 2048 maria
1093 2022 1163 2047 FM
1175 2023 1184 2055 ΙΙ
1199 2022 1304 2049 adflata
1324 2025 1365 2048 est
1382 2023 1411 2048 F

155 2060 187 2082 13
207 2056 300 2083 latone
320 2057 385 2082 LH
401 2057 507 2089 (latona
527 2057 545 2089 Z)
560 2058 568 2090 ΙΙ
588 2057 698 2086 eleuata
718 2057 822 2083 FME
835 2059 843 2090 ΙΙ
864 2058 993 2091 Neptuno
1014 2066 1062 2083 om..
1086 2057 1134 2091 ΓΙ]
1156 2061 1188 2083 14
1208 2058 1322 2091 phitone
1342 2058 1407 2084 LH

154 2095 186 2117 15
206 2093 397 2125 insequeretur
418 2092 467 2125 Fu
487 2093 630 2126 expulsam
652 2093 721 2117 ME
734 2094 742 2126 ΙΙ
763 2096 794 2118 16
815 2093 983 2126 applicando
1003 2093 1159 2119 Mas-victus
1173 2095 1182 2126 ss
1197 2102 1213 2119 a
1233 2102 1325 2120 sorore
1347 2094 1431 2119 ME]

156 2128 310 2154 Masvicius
324 2129 333 2162 ΙΙ
349 2131 380 2154 17
401 2127 512 2161 peperit
531 2148 536 2152 .
553 2149 558 2153 .
576 2149 581 2153 .
602 2127 760 2161 Apollinem
780 2137 829 2154 om.
847 2128 876 2154 F
888 2129 897 2162 [1
910 2128 1026 2162 phitone
1046 2129 1070 2153 L
1095 2129 1215 2162 phetone
1231 2129 1264 2154 H
1286 2129 1430 2162 phythone

155 2163 191 2188 M
204 2164 212 2196 ΙΙ
227 2166 260 2189 20
280 2164 349 2189 haec
369 2172 486 2196 namque
503 2163 570 2189 Iuno
586 2163 676 2189 Diana
690 2163 856 2197 Proserpina
874 2165 1004 2197 mytlzogsr.
1022 2165 1041 2189 I
1059 2164 1128 2190 haec
1147 2173 1267 2197 namque
1283 2166 1326 2190 est
1342 2164 1431 2189 Diana

153 2198 232 2224 Luna
250 2198 416 2232 Proserpina
434 2199 564 2232 mythoyr.
585 2199 626 2224 ΙΙ
638 2200 647 2231 Η
667 2202 698 2224 ‘21
721 2199 875 2225 naturalem
897 2199 926 2224 F
942 2201 951 2232 ΙΙ
970 2202 1002 2225 22
1023 2199 1051 2225 in
1072 2199 1177 2225 duabus
1197 2200 1222 2225 L
1236 2201 1245 2233 ΙΙ
1260 2199 1368 2233 insulis]
1390 2200 1429 2225 in-

154 2234 270 2268 singulis
294 2235 327 2260 H
351 2235 360 2267 ΙΙ
388 2238 421 2260 24
446 2234 603 2260 labentibus
626 2234 756 2267 mythoyr.
779 2235 839 2260 III
866 2236 874 2267 Η
903 2235 974 2260 sieut
998 2257 1003 2261 .
1024 2256 1029 2260 .
1051 2256 1056 2260 .
1077 2235 1208 2269 eredidit]
1234 2235 1430 2269 quaerentibus

155 2277 311 2303 erumpere,
338 2270 410 2296 sicut
433 2270 560 2296 Lucanus
584 2269 702 2295 credidit
724 2271 853 2303 wyllzoyr.
877 2271 916 2295 II
935 2272 943 2303 ΙΙ
962 2270 1144 2304 ‘zoe-redidit]
1164 2271 1253 2304 petito
1275 2271 1311 2296 M
1316 2270 1345 2295 J«)
1351 2271 1359 2295 I
1372 2272 1381 2303 ΙΙ
1396 2273 1427 2295 27

155 2304 265 2331 micono
285 2305 350 2331 LH
375 2314 509 2339 myconoe
531 2305 601 2330 ME
628 2305 735 2331 mieone
756 2306 764 2331 l
783 2306 791 2338 ΙΙ
810 2308 843 2331 -23
864 2306 1013 2331 tenuerunt
1032 2305 1061 2331 F
1077 2307 1086 2339 ΙΙ
1105 2307 1179 2338 quod
1199 2306 1282 2331 etiam
1304 2327 1308 2331 .
1330 2326 1335 2331 .
1357 2327 1361 2332 .
1383 2305 1429 2338 qui

154 2341 195 2366 est
214 2341 315 2374 Apollo
335 2350 383 2367 om.
406 2341 436 2366 F

1457 688 1486 709 11)

1453 953 1482 976 15

1451 1220 1484 1242 <20
