1690 2611
480 99 593 126 COMM.
613 99 652 125 IN
670 99 778 126 VERG.
798 99 882 125 AEN.
904 100 922 126 Ι.
945 103 1056 126 70-73.
1364 100 1404 131 41

128 181 242 213 harum
264 183 372 213 autem
392 181 649 223 quattuordecim
669 180 812 222 nomina,
836 182 872 211 ut
892 181 1019 222 quidam
1041 182 1166 221 volunt,
1191 183 1223 214 111
1239 182 1406 224 Georgicis
1451 203 1454 206 »

128 234 318 266 invenimus.
365 233 566 275 ‘praestanti'
590 236 691 266 autem
716 233 868 274 ‘empore'
892 245 951 274 pro
969 236 1160 274 praestantis
1183 237 1332 277 emporis,
1356 236 1405 267 αἶ)-

131 287 260 319 latz'vum
278 298 336 328 pro
357 284 499 329 [senet'c'vo.
1311 332 1314 333 ⁷

218 341 267 372 72.
307 354 519 377 (mauriscum
532 353 628 372 ποι-11111
657 340 787 371 dicimus
810 342 838 371 et
858 350 916 380 per
939 350 970 372 se
994 340 1143 380 ‘quarum
1168 352 1244 381 quac
1266 334 1405 382 pulcher-

128 393 235 435 rima',
260 397 288 426 et
304 395 378 434 plus
401 395 523 426 ornavit
544 393 702 433 inferendo
727 393 844 432 ‘forma
861 394 1096 434 pulcherrima'.

219 448 269 479 73.
308 456 462 479 CONVBIO
487 455 620 479 IVNGAM
644 447 723 478 deest
745 457 829 484 emm·
860 450 887 477 et
911 447 1083 479 conubium
1113 449 1162 478 est
1190 448 1238 479 1113
1268 448 1406 489 legitimi

130 501 338 533 matrimonii.
394 503 426 532 et
458 501 538 532 bene
573 500 726 531 ‘conubio
762 500 911 541 iungam’
945 501 1038 542 dixit,
1078 503 1112 532 ut
1145 501 1226 532 hanc
1260 502 1300 532 ab
1335 502 1407 533 aliis

129 557 330 596 segregaret,
361 566 442 595 quae
468 566 486 585 a
509 554 640 595 regibus
666 554 734 584 sine
760 553 831 594 lege
860 554 1029 585 habentur.
1077 554 1182 585 solent
1207 555 1290 585 euim
1316 565 1406 595 reges

128 608 211 638 inter
239 608 347 648 plures
376 608 430 638 uni
458 607 664 648 praecipuum
694 607 768 638 darc
797 618 915 639 110111611
944 608 1062 640 uxoris.
1109 610 1141 639 et
1165 607 1334 639 ‘conubio’
1365 619 1407 639 nu

129 661 258 692 brevem
282 661 404 702 posuit,
429 671 501 692 cum
524 660 716 691 naturaliter
740 660 841 701 longa
865 661 917 692 sit.
964 661 1049 693 nubo
1075 661 1173 702 enim,
1202 661 1284 692 unde
1309 661 1407 692 habet

129 714 300 755 originem,
324 714 423 755 longa
443 716 502 745 est.
540 713 596 745 sed
617 715 665 745 est
689 716 801 754 tropus
822 715 960 755 systole,
985 714 1039 756 qui
1064 715 1101 746 fit
1121 715 1407 756 quotienscumque

128 767 224 808 longa
248 767 419 808 corripitur
444 767 573 808 syllaba
596 768 729 808 propter
753 768 848 798 metri
872 768 1109 799 necessitatem.
1155 768 1223 808 ipse
1249 767 1312 799 alio
1338 768 1407 799 loeo

129 820 260 861 longam
283 821 406 862 posuit,
431 823 467 852 ut
492 822 541 852 est
566 820 748 852 Hectoris
770 820 1036 853 Andromache
1056 820 1220 862 Pyrrhin
1245 821 1408 852 conubia

123 873 285 905 servas?
333 874 410 905 item
443 870 579 915 cuiqu'e
612 874 686 905 loci
721 874 827 915 leges
860 874 1045 912 dedimus,
1079 874 1242 905 conubia
1274 876 1408 905 nostra

128 926 301 967 reppulit
325 929 357 958 et
385 938 450 967 1161·
475 927 639 958 conubia
663 928 797 958 nostra
822 929 854 958 et
878 927 1163 968 Nomadumque
1192 929 1318 968 petam
1348 938 1408 958 co-

128 980 247 1011 nubia
277 979 448 1021 supplex.
500 980 663 1011 sciendum
691 982 801 1011 tamen
829 982 892 1021 est,
922 981 997 1022 quia
1025 981 1212 1022 plerumque
1238 981 1270 1011 in
1295 992 1408 1021 conpo-

130 1033 245 1064 sitione
276 1033 325 1064 vel
354 1033 552 1065 derivatione
587 1033 837 1074 principalitatis
872 1036 988 1064 natura
1023 1034 1248 1075 corrumpitur.
1350 1042 1408 1065 CO—

129 1095 235 1118 11111110
256 1095 391 1117 IVNGAM
409 1096 546 1118 STABILI
563 1095 810 1124 PROPRIAMQVE
828 1096 955 1118 [11611110
976 1087 1078 1118 multa
1099 1087 1133 1118 in
1152 1099 1249 1118 unum
1271 1087 1409 1118 contulit

129 1151 256 1171 versum
281 1151 361 1180 quae
386 1140 466 1171 Iuno
494 1140 671 1181 promittit,
699 1139 832 1171 (licendo
858 1141 943 1171 cuim
969 1140 1139 1172 ‘conubio'
1164 1140 1307 1172 ostendit
1332 1140 1408 1181 legi-

129 1193 256 1233 timam,
280 1193 413 1223 (licendo
438 1192 583 1224 ‘stabili'
608 1193 739 1233 longam
765 1193 928 1233 promittit
953 1194 1171 1235 concordiam,
1196 1194 1227 1225 id
1253 1196 1301 1225 est
1326 1205 1406 1235 quae
1426 1201 1439 1222 ι’

129 1246 267 1277 divortio
293 1248 414 1286 careat,
443 1246 576 1277 dicendo
606 1246 801 1287 ‘propriam’
831 1247 984 1278 adulterii
1012 1249 1156 1279 removet
1185 1248 1408 1288 suspitionem.

129 1299 212 1340 quod
237 1300 345 1330 autem
370 1299 486 1331 adiecit
510 1299 656 1331 ‘dicabo’
682 1300 913 1341 obsequentem
939 1311 1008 1331 eam
1032 1300 1101 1332 fore
1125 1301 1335 1332 demonstrat.
1375 1301 1408 1331 111

80 1363 82 1365 ·
129 1363 188 1383 usu
212 1352 297 1383 enim
323 1354 371 1384 est
395 1355 431 1384 ut
455 1353 612 1394 dicamus,
641 1354 789 1385 sacerdos
820 1353 944 1385 dicatus
975 1356 1023 1384 est
1047 1354 1186 1395 numini,
1209 1354 1270 1385 hoc
1295 1356 1343 1385 est
1368 1354 1408 1385 ad

130 1405 319 1446 obsequium
349 1405 443 1436 datus
475 1408 534 1437 est.
585 1407 642 1437 (ιῖἱὶ
671 1406 806 1438 ‘dicabo'
835 1407 911 1438 dabo
939 1408 1100 1447 accipiunt.
1150 1408 1307 1439 Terentius
1335 1407 1408 1437 iam

129 1459 221 1490 hanc
244 1470 388 1499 operam
413 1460 480 1490 tim*
509 1461 601 1497 dico,
627 1461 659 1491 id
681 1464 723 1492 est
745 1462 796 1499 do,
824 1462 913 1492 sicuti
937 1462 974 1492 ab
999 1472 1030 1492 co
1053 1462 1136 1501 quod
1157 1464 1199 1493 est
1223 1462 1287 1493 dico
1306 1461 1407 1501 parti·
1428 1470 1433 1476 ·

130 1513 244 1552 cipiunt
267 1523 286 1542 a
305 1513 429 1552 passivo
449 1514 546 1544 dietus
567 1514 657 1554 fecit,
680 1517 714 1545 ut
732 1517 774 1545 est
793 1515 912 1545 11111011
922 1515 932 1545 ἱ
958 1515 1128 1553 infernae
1150 1515 1270 1546 dictus
1293 1526 1407 1551 sacer,

129 1565 269 1604 quamvis
291 1565 367 1596 alibi
391 1565 498 1596 lectum
520 1567 560 1597 sit
584 1567 729 1606 templis
756 1567 828 1597 siba·
854 1568 953 1605 ferre
976 1568 1120 1599 dicatis.
1167 1567 1340 1608 ‘propriam
1364 1569 1407 1599 di-

131 1617 217 1649 cabo’
242 1621 343 1649 atatem
366 1619 444 1650 deest
468 1618 538 1650 ‘tibi
561 1619 652 1651 eam'.
690 1619 882 1660 ‘propriam’
906 1623 1007 1652 (11116111
1025 1631 1190 1661 possumus
1214 1621 1258 1653 vel
1282 1622 1407 1661 firmam

204 1709 235 1732 13
250 1706 390 1741 Hectoris]
412 1707 441 1733 A.
458 1707 495 1733 111
511 1710 562 1733 319
577 1709 585 1740 ΙΙ
603 1710 633 1733 14
649 1707 760 1741 cuique]
781 1709 811 1733 A.
829 1708 866 1733 IV
881 1711 931 1733 ‘213
947 1709 955 1741 [Ι
973 1711 1002 1733 15
1018 1717 1067 1742 per
1082 1708 1211 1742 conubia]
1233 1709 1264 1735 A.
1281 1709 1318 1734 IV
1334 1711 1385 1734 31ss
1400 1709 1408 1730 *l

132 1741 355 1776 Nomadumque]
378 1743 407 1768 Α.
424 1743 459 1767 IV
475 1745 525 1768 535
541 1744 549 1776 Η
565 1746 597 1768 24
614 1743 772 1777 Terentius]
795 1743 903 1769 Phorm.
924 1744 931 1769 Ι
949 1748 972 1776 2¹,
991 1747 1021 1769 12
1036 1745 1045 1777 Η
1060 1748 1092 1770 26
1109 1744 1217 1778 Iunoni]
1236 1744 1265 1769 A.
1284 1744 1318 1769 VI
1337 1748 1384 1770 138
1400 1743 1408 1776 ll

133 1780 165 1803 27
184 1777 307 1811 templis]
328 1777 359 1803 A.
380 1778 403 1803 V
423 1781 456 1803 60

206 1858 217 1881 1
234 1857 265 1882 ut
278 1856 391 1889 quidam
406 1857 504 1883 volunt
518 1866 566 1883 om.
583 1859 613 1884 K
625 1860 634 1891 ΙΙ
649 1862 663 1884 6
680 1859 716 1885 acl
732 1867 752 1884 v.
766 1862 797 1884 73
814 1858 937 1885 Uonubio
953 1859 1078 1893 iungam]
1095 1860 1174 1886 deest
1189 1868 1258 1886 eam.
1282 1861 1310 1886 ct
1325 1868 1407 1885 conu-

132 1891 209 1917 bium
228 1892 270 1916 est
288 1892 330 1917 ius
348 1892 467 1925 legitimi
486 1894 662 1919 matrimonii.
697 1895 725 1920 et
746 1894 895 1920 ‘conubio’
917 1903 953 1919 nu
973 1895 1086 1920 breuem
1106 1895 1219 1929 posuit,
1236 1916 1242 1921 .
1259 1916 1264 1921 .
1280 1895 1408 1929 quotiens

132 1927 217 1960 longa
237 1927 384 1960 corripitur
403 1927 483 1953 metri
503 1937 592 1955 causa.
629 1929 687 1963 ipse
703 1929 758 1956 alio
777 1929 839 1956 loco
859 1930 970 1963 longam
992 1930 1085 1963 posuit
1103 1932 1134 1956 ut
1155 1931 1290 1957 ‘conubia
1312 1931 1409 1956 nostra

132 1961 275 1995 reppulit’.
304 1961 444 1988 sciendum
459 1964 554 1989 tamen
568 1964 633 1997 quia
651 1986 657 1992 .
673 1986 679 1991 .
695 1985 700 1990 .
720 1966 829 1991 natura.
858 1964 969 1999 Stabili]
990 1965 1102 1999 longam
1125 1987 1130 1991 .
1147 1986 1152 1991 .
1169 1987 1174 1992 .
1195 1966 1231 1992 ad
1246 1965 1408 1999 obsequium

123 1997 206 2023 'latus
226 1998 275 2023 cst.
314 1997 363 2023 alii
383 1997 506 2024 ‘dicabo’
524 2019 529 2024 .
547 2020 552 2024 .
569 2020 574 2025 .
593 1999 745 2033 ‘propriam
761 2000 871 2027 dicabo’
893 2001 987 2026 autem
1006 2000 1085 2027 deest
1106 2001 1208 2028 ‘eam’.
1227 2002 1253 2027 1¹
1266 2002 1275 2035 ΙΙ
1291 2004 1322 2027 10
1342 2001 1406 2026 inde

132 2033 164 2058 K
189 2034 220 2058 ut
241 2032 267 2057 1²
284 2034 293 2066 ΙΙ
314 2036 343 2058 11
365 2032 424 2067 qui]
445 2042 497 2066 que
517 2034 548 2059 K
563 2035 572 2068 ΙΙ
595 2038 626 2060 12
647 2035 728 2061 metri
748 2044 831 2062 causa
851 2036 884 2062 0*
904 2037 912 2069 ΙΙ
930 2036 1133 2071 necessitatem.
1173 2037 1278 2063 Statius
1298 2045 1407 2070 quoquc

133 2067 266 2102 corripuit
286 2068 479 2094 ‘connubialia
498 2070 623 2102 pandunt
641 2071 721 2096 antra
740 2070 830 2097 sinus'
855 2072 880 2096 D
895 2073 903 2105 ῙΙ
920 2074 950 2097 13
971 2072 1002 2097 ut
1021 2072 1074 2106 est]
1095 2074 1126 2098 ut
1144 2072 1213 2098 haec
1234 2073 1257 2098 L
1272 2074 1280 2105 ΙΙ
1295 2073 1337 2098 est
1357 2093 1362 2097 .
1379 2093 1384 2097 .
1402 2093 1406 2097 .

133 2103 259 2129 dedimus
278 2112 326 2129 om.
348 2104 399 2136 KH
419 2107 451 2129 15
472 2105 500 2130 et
520 2126 524 2130 .
546 2126 551 2131 .
573 2125 577 2130 .
598 2106 714 2139 supplex
734 2114 782 2132 0111,
804 2107 834 2132 Κ
850 2108 859 2139 ΙΙ
882 2110 912 2132 17
933 2106 978 2132 vel
997 2107 1169 2134 derivatione
1189 2116 1237 2134 om.
1258 2108 1289 2134 Κ
1301 2109 1310 2141 ΙΙ
1325 2106 1406 2133 corri-

133 2139 208 2172 pitur
227 2139 253 2164 B
282 2139 437 2172 corrupitur
457 2139 507 2172 ΚΙΙ
524 2143 554 2165 19
575 2140 691 2167 (116611ᾶο
713 2162 717 2166 .
739 2163 743 2167 .
765 2161 770 2166 .
791 2142 945 2175 legitimam
966 2150 1014 2167 om.
1035 2143 1066 2168 K
1082 2144 1090 2176 [Ι
1110 2143 1241 2176 legimam
1261 2144 1285 2168 L
1314 2142 1405 2176 legiti-

133 2183 209 2200 mum
228 2174 258 2200 Ε
274 2175 389 2207 fortasse
408 2175 564 2208 legitimum
583 2175 798 2202 matrimonium.
814 2178 865 2210 1121
886 2176 1070 2210 suspicionem
1085 2178 1148 2204 ΒΕ
1160 2180 1169 2212 Η
1184 2182 1216 2204 2²2
1236 2178 1407 2205 monstrabat

136 2210 162 2234 P
175 2210 183 2242 ΙΙ
198 2212 230 2235 23
247 2211 289 2235 est
303 2211 335 2236 ut
353 2219 402 2236 om.
419 2210 446 2235 P
458 2211 467 2243 ss
482 2213 515 2236 24
535 2210 616 2236 datus
636 2211 690 2245 est]
710 2212 790 2237 dat-os
805 2213 836 2237 K
862 2212 942 2238 datus
962 2213 1005 2245 est
1019 2213 1044 2238 L
1072 2213 1153 2240 datus
1173 2216 1223 2241 est.
1260 2215 1292 2240 ut
1310 2213 1355 2246 ipe
1374 2212 1407 2246 ῙΠ·

133 2244 255 2270 familias
274 2253 375 2272 voveo:
393 2246 488 2278 itaque
510 2247 585 2272 totus
605 2255 667 2272 cum
687 2246 808 2273 dictione
828 2248 1048 2281 pronuntiandus
1068 2250 1110 2275 est
1124 2249 1153 2275 D
1171 2251 1180 2283 Η
1199 2249 1255 2275 iam
1274 2258 1322 2274 om.
1343 2249 1408 2274 libri

137 2279 296 2306 Terentiam
309 2281 318 2314 ΙΙ
333 2284 364 2306 25
382 2281 463 2307 sicuti
479 2303 483 2307 .
502 2301 506 2306 .
523 2302 528 2307 .
545 2280 624 2314 facit]
644 2281 759 2313 fortusse
778 2282 858 2308 sicuti
879 2283 913 2309 do
929 2284 957 2309 et
974 2285 1016 2310 est
1030 2284 1091 2310 dico
1108 2285 1183 2317 quod
1197 2283 1375 2318 participium
1391 2292 1408 2309 a

136 2315 246 2348 passivo
266 2315 356 2342 dictus
377 2316 444 2343 fucit
464 2317 480 2342 ι’.
501 2326 520 2342 e.
540 2317 622 2343 sicuti?
640 2320 663 2343 et
683 2317 769 2344 dicere
788 2319 923 2345 interdum
942 2319 1011 2346 idem
1029 2320 1167 2353 siginificat
1186 2320 1257 2353 quod
1276 2320 1348 2345 darc.

1426 402 1441 425 0⁵1

1429 667 1459 689 10

1431 933 1460 955 15
