1690 2611
495 93 607 121 COMM.
628 94 667 120 IN
686 93 793 120 VERG.
811 93 894 120 AEN.
914 94 961 120 ΙΙΙ.
983 97 1130 121 171-179.
1382 95 1447 126 375

263 177 333 208 174.
371 184 599 214 VELATASQVE
625 184 736 208 COMAS
761 175 910 216 vsttatas,
934 177 970 206 ut
994 175 1045 215 <V
1066 176 1152 216 366>
1176 176 1318 208 victori
1342 177 1447 207 vela-

171 232 249 261 tum
273 241 364 261 auro
388 230 580 270 vittisque
604 229 819 260 iuvencum:
850 230 906 259 aut
929 231 1102 269 coronatas,
1130 232 1165 260 ut
1187 229 1239 270 <V
1265 230 1327 269 72>
1351 230 1448 261 velat

171 286 337 315 materna
362 286 522 323 tempora
545 284 668 322 myrto.
710 292 786 312 nam
809 281 854 312 dii
878 281 934 322 qui
959 284 1050 312 erant
1074 282 1158 323 apud
1181 277 1446 314 Laurolavinium

171 347 236 368 non
259 336 425 368 habebant
448 336 589 367 velatum
614 336 718 376 caput.

261 389 332 421 175.
369 402 510 421 ΜΔΝΑΒΑΤ
530 388 650 429 fluebat.
686 388 757 419 hinc
779 390 807 418 et
830 387 910 427 Iapis
928 387 1064 419 manalis
1083 398 1170 427 quem
1190 389 1349 420 trahebant
1365 400 1444 429 pon-

170 444 275 484 tifices,
298 444 435 484 quotiens
458 443 578 474 siccitas
601 444 673 473 erat.

261 496 331 527 176.
368 504 529 527 CORRIPIO
559 504 580 526 E
610 503 752 526 STRATIS
782 502 913 526 CORPVS
945 505 985 525 ne
1019 493 1169 525 satietate
1200 494 1344 526 videatur
1373 496 1445 527 reli-

169 549 276 591 quisse
310 560 466 581 somnum.
513 550 545 580 et
576 547 753 589 sciendum,
787 548 862 589 quia
894 547 1042 588 quotiens
1075 558 1112 578 ex
1144 547 1281 588 abrupto
1314 559 1444 580 somnus

169 602 331 644 aufugerit
346 602 507 644 significat
522 613 618 633 omen
636 601 763 642 infelix,
783 603 818 632 ut
838 611 908 631 ecce
928 601 988 631 hoc
1007 600 1078 631 loco
1098 602 1273 641 tempestas
1293 602 1444 642 sequitur.

169 657 247 688 item
271 656 306 687 in
330 655 467 687 secundo
492 654 598 695 <302>
624 655 799 686 excutior
824 664 969 694 somno,
998 655 1030 684 et
1058 653 1170 684 statim
1200 654 1345 695 sequitur
1369 655 1443 686 civi-

167 710 244 740 tatis
269 709 439 741 excidium:
465 719 523 739 nec
547 708 615 739 sine
640 707 780 748 ratione3
803 718 880 738 nam
901 707 927 738 si
948 717 1079 738 somnus
1100 718 1213 738 munus
1234 707 1366 738 deorum
1387 709 1444 748 est,

167 765 203 794 ut
227 762 280 803 <II
300 763 385 803 269>
411 765 447 794 et
471 762 567 793 dono
592 760 719 792 divum
744 760 975 802 gratissima
999 760 1137 802 serpit,
1160 772 1224 792 non
1248 761 1316 792 sine
1341 761 1444 792 infeli-

167 817 264 847 citate
289 827 327 847 ex
352 816 489 856 abrupto
515 814 646 845 deorum
670 825 784 845 munus
809 814 963 845 abscedit.

260 870 329 901 177.
362 877 552 905 TENDOQVE
575 876 717 899 SVPINAS
738 876 785 898 AD
806 876 946 899 CAELVM
967 875 1038 898 cvm
1057 876 1149 899 voca
1170 876 1287 899 MANVS
1307 867 1444 898 honesta

165 922 303 954 elocutio
328 933 400 953 cum
423 932 487 953 uno
513 932 660 952 sermone
683 921 913 962 respondemus
937 921 1076 961 duobus,
1100 922 1136 951 ut
1159 920 1266 960 <568>
1291 921 1442 952 interea

164 976 288 1007 fessos
313 977 450 1006 ventus
476 985 555 1005 cum
580 974 661 1005 sole
685 974 860 1015 reliquit.
907 974 964 1005 ‘ad
986 973 1117 1005 caelum'
1141 976 1243 1005 antem
1266 974 1344 1015 ideo,
1368 975 1442 1014 quia

164 1030 210 1061 dii
226 1031 354 1069 penates
377 1030 405 1059 et
427 1027 512 1059 Iovis
536 1030 563 1058 ct
585 1027 743 1067 Apollinis
765 1027 901 1066 fecerunt
923 1027 1113 1059 mentionem.

255 1082 326 1113 178.
363 1089 589 1112 INTEMERATA
609 1080 671 1111 rite
690 1080 846 1121 perfecta,
866 1082 914 1120 ut,
939 1080 966 1111 si
986 1080 1101 1111 leniter
1119 1080 1229 1112 vinum
1244 1080 1441 1112 fundendum

164 1138 213 1167 est
237 1138 293 1166 aut
317 1134 404 1165 mola
427 1134 600 1174 inicienda,
625 1134 671 1164 sic
694 1133 774 1165 fiant
797 1135 834 1164 ut
856 1134 941 1165 ratio
967 1134 1069 1174 exigit
1093 1134 1258 1165 sacrificii:
1288 1134 1384 1165 aliter
1414 1134 1441 1165 si

162 1189 255 1230 fiant,
279 1189 437 1219 temerata
461 1198 498 1218 ac
520 1187 653 1218 turbata
677 1189 752 1218 sunt
777 1198 880 1218 sacra:
911 1187 994 1218 unde
1019 1186 1160 1218 Helenus
1186 1187 1293 1227 <406>
1317 1198 1441 1228 nequa

162 1243 263 1273 inter
283 1243 439 1273 sanctos
460 1241 569 1282 ignes
590 1241 626 1271 in
646 1240 790 1271 honore
811 1241 966 1272 deorum
987 1240 1149 1272 hostilis
1170 1240 1291 1272 facies
1311 1251 1440 1271 occur-

162 1298 220 1327 rat
253 1297 289 1326 et
318 1295 444 1326 omina
472 1294 618 1334 turbet,
643 1294 721 1324 item
746 1294 779 1324 in
804 1296 916 1325 octavo
942 1294 1050 1335 <110>
1076 1293 1196 1324 audax
1225 1304 1317 1334 quos
1342 1305 1439 1324 rum-

161 1360 248 1390 pere
281 1348 409 1379 Pallas
445 1358 554 1378 sacra
586 1349 703 1378 vetat.
794 1355 894 1377 FOCIS
923 1349 951 1378 et
981 1346 1030 1377 hic
1059 1347 1137 1377 sicut
1165 1347 1305 1387 superins
1330 1347 1438 1387 <134>

161 1403 275 1433 dietum
298 1403 352 1441 cst,
381 1400 509 1432 ostendit
531 1410 600 1430 cum
623 1400 689 1431 aris
712 1400 805 1430 etiam
827 1398 910 1438 focos
933 1400 1026 1431 solere
1048 1400 1229 1431 mmn'm'bus
1251 1401 1437 1431 consecrari:

160 1456 213 1486 secl
229 1455 278 1485 hic
296 1454 366 1485 ideo
387 1452 509 1491 ‘focis’,
532 1464 597 1484 non
618 1453 695 1493 aris,
720 1453 795 1494 quia
811 1453 971 1492 privatum
985 1454 1172 1493 sacrificium
1187 1453 1337 1493 qunitw·;
1362 1464 1437 1485 mem
1460 1478 1471 1483 „

161 1508 331 1549 penatibus
357 1507 524 1538 sacrificat.
602 1514 780 1537 PERFECTO
801 1514 943 1537 HONORE
966 1508 1095 1547 peracto
1117 1506 1288 1546 sacrificio,
1313 1507 1367 1548 qui
1387 1509 1437 1538 est

161 1562 264 1592 honor
283 1561 425 1592 deorum.
457 1562 484 1591 et
498 1560 568 1591 bene
582 1560 719 1590 ordinem
732 1561 844 1599 serrat,
863 1562 898 1590 ut
911 1562 981 1591 ante
994 1560 1156 1600 sacrificet,
1175 1570 1269 1599 quam
1283 1561 1437 1591 sommium

160 1617 311 1645 narraret.

252 1667 322 1698 179.
359 1680 506 1698 mvcmsnv
525 1679 608 1698 mezo
630 1679 745 1698 GERTVM
764 1665 834 1696 bene
854 1664 1000 1706 ‘cm-tune,
1023 1667 1097 1705 qnia
1122 1667 1253 1697 incertus
1272 1669 1433 1698 erraverat.

160 1721 205 1752 vel
221 1723 348 1760 propter
371 1720 450 1751 illud
473 1719 559 1751 ‘haec
583 1720 678 1751 laetus
703 1720 843 1760 longaevo
868 1720 948 1751 dicta
965 1719 1117 1759 parenti'.
1144 1737 1180 1741 -

233 1846 247 1869 5
268 1843 332 1868 hinc
352 1843 381 1868 et
400 1864 405 1869 .
426 1864 431 1868 .
454 1864 458 1868 .
480 1842 590 1869 siccitas
609 1843 679 1877 erat]
707 1842 740 1870 cf.
760 1843 857 1868 Festus
877 1843 958 1869 Pauli
977 1852 996 1869 s.
1016 1852 1041 1869 v.
1061 1843 1200 1869 manalem
1219 1842 1343 1875 lapidem

234 1962 245 1984 1
267 1959 304 1984 acl
322 1958 430 1984 velatas
448 1966 522 1991 supr.
543 1966 608 1984 vers.
629 1958 744 1984 uittatas
764 1959 809 1985 uel
829 1959 973 1985 coronatas
995 1959 1020 1984 T
1032 1960 1041 1992 Η
1059 1958 1145 1984 uittas
1162 1958 1191 1984 F
1203 1959 1212 1991 ΙΙ
1231 1957 1332 1984 uictori
1351 1958 1435 1984 FMI

159 1993 273 2020 uictoris
293 1994 357 2019 LH
380 1993 504 2019 uictoriis
524 1993 553 2019 E
565 1995 574 2027 ll
593 1997 608 2019 2
628 1994 706 2020 uelut
725 1994 755 2019 F
766 1995 775 2028 ῙΙ
790 1998 804 2020 3
824 1994 1070 2020 laurumlauinium
1090 1994 1120 2019 F
1131 1995 1140 2027 ΙΙ
1155 1997 1170 2020 5
1189 1994 1323 2019 manabat
1341 1994 1435 2019 autem

160 2029 300 2063 significat
325 2029 437 2055 fluebat.
470 2028 535 2054 hinc
565 2029 665 2055 dicitur
692 2029 765 2062 lapis
794 2030 912 2056 manalis
936 2038 1018 2063 quem
1042 2029 1193 2055 trahebant
1216 2030 1362 2062 pontifices
1387 2038 1435 2062 per

159 2073 240 2098 agros
266 2066 391 2097 tempore
416 2064 548 2090 siccitatis
573 2065 604 2090 in
622 2066 744 2098 maryine
762 2065 822 2091 hab.
846 2065 869 2090 T
892 2073 952 2091 cum
973 2065 1078 2091 Tiberii
1096 2064 1203 2091 Donati
1223 2065 1259 2090 acl
1277 2065 1349 2090 hunc
1368 2073 1433 2090 vers.

159 2101 259 2126 scholio
279 2101 426 2126 coniuncta
439 2100 448 2132 ΙΙ
463 2102 495 2124 10
511 2100 641 2134 secundo]
662 2100 716 2125 duo
733 2100 763 2125 F
774 2102 783 2133 ΙΙ
799 2103 829 2126 12
846 2100 1023 2134 infelicitate]
1043 2099 1217 2126 infelicitatis
1232 2100 1433 2133 significatione

160 2135 190 2161 F
206 2136 215 2169 n
241 2139 271 2161 16
296 2135 358 2161 ideo
383 2134 453 2160 dixit
471 2135 507 2160 ad
527 2135 634 2161 caelum
653 2135 718 2168 quia
737 2135 790 2168 ipsi
809 2135 849 2162 dii
868 2136 983 2168 penates
1001 2135 1072 2161 iouis
1093 2137 1120 2161 et
1139 2135 1288 2169 appollinis
1308 2135 1434 2161 fecerunt

159 2170 329 2197 mentionem
348 2171 379 2196 irz
397 2178 482 2203 marq.
505 2170 529 2195 T
541 2171 550 2203 11
566 2172 597 2196 18
617 2170 640 2195 si
659 2170 770 2205 leniter]
792 2171 904 2196 silenter
923 2171 953 2196 Ε
966 2171 974 2204 ΙΙ
991 2173 1022 2196 19
1042 2170 1090 2196 fiat
1110 2171 1147 2196 M
1164 2171 1243 2203 (fiant
1262 2173 1297 2204 m.)
1312 2172 1320 2203 [Ι
1336 2174 1366 2196 21
1389 2179 1432 2196 oc-

160 2207 238 2232 curat
265 2207 293 2232 et
321 2205 414 2232 omnia
438 2206 495 2238 (sic)
519 2205 624 2240 turbet]
646 2206 678 2231 ab
698 2206 739 2231 his
758 2206 844 2232 verbis
863 2207 963 2239 incipit
983 2205 1123 2232 casselani
1141 2207 1283 2240 quaternio
1306 2206 1404 2231 XIII.
1424 2206 1426 2237 l

161 2244 193 2267 22
214 2241 307 2267 omnia
326 2241 355 2267 E
368 2242 377 2274 ΙΙ
391 2244 423 2267 25
444 2240 578 2274 loquitur]
600 2241 723 2273 sequitur
742 2240 845 2267 Daniel
859 2242 968 2274 primus
982 2242 990 2275 ΙΙ
1005 2250 1069 2267 nam
1090 2241 1282 2268 Gommelinus:
1303 2250 1357 2267 non
1378 2240 1408 2265 F
1430 2243 1431 2257 ³

160 2279 193 2302 26
218 2277 342 2310 perfecto
366 2276 500 2302 sacrificio
526 2276 549 2302 C
572 2276 582 2310 ΙΙ
609 2279 641 2302 27
666 2284 740 2310 supr.
765 2284 829 2302 vers.
853 2280 901 2303 168
926 2285 1017 2302 rerum
1037 2277 1161 2303 ordinem
1181 2278 1274 2303 seruat
1293 2278 1323 2302 ut
1342 2276 1431 2309 primo

160 2311 297 2338 sacrificet
315 2313 343 2338 et
361 2313 458 2345 postea
477 2311 615 2337 somnium
634 2312 728 2338 narret
745 2311 774 2337 ’Τ
786 2313 842 2345 1129
861 2312 991 2338 scholium
1010 2313 1047 2338 ad
1064 2321 1088 2339 v.
1109 2315 1159 2338 179
1179 2313 1268 2339 omisit
1286 2312 1390 2337 Daniel

1466 662 1497 685 10

1465 929 1496 951 15

1460 1195 1494 1218 ‘20

1454 1727 1488 1749 30
