1690 2611
508 103 621 131 COMM.
641 104 680 130 IN
699 103 807 130 VERG.
826 103 909 130 AEN.
930 104 975 130 IV.
996 107 1145 131 159—170.
1396 103 1461 134 493

183 185 229 216 vel
251 186 316 216 iam
338 185 382 217 ibi
399 186 526 226 positae,
549 186 676 218 diversis
698 185 874 217 nominibus
896 186 942 217 vel
964 187 1028 217 ritu
1051 187 1229 226 sacrificant
1312 194 1357 216 ΕΤ
1381 194 1462 217 PRO-

185 248 279 270 NVBA
302 247 388 271 IVNO
413 250 494 281 quae
518 239 713 270 nubentibus
738 241 874 280 praeest.
921 238 1076 270 Iunonem
1096 242 1204 271 autem
1225 239 1348 270 dedisse
1370 239 1463 280 signa

184 303 242 333 per
266 294 494 333 tempestatem
518 294 646 324 constat
670 294 702 323 et
725 292 861 333 pluvias,
886 303 967 333 quae
987 292 1025 323 de
1046 295 1118 324 a'ete
1138 293 1227 324 fiunt.
1271 293 1370 324 Varro
1388 303 1462 333 pro-

183 345 298 376 nubam
321 346 395 377 elicit
421 356 498 386 quae
521 348 592 377 ante
619 346 725 386 nupsit
752 348 781 377 et
807 356 884 386 quae
911 346 968 377 uni
992 348 1112 377 tantum
1135 349 1233 387 nupm
1256 349 1311 378 est:
1340 347 1464 386 ideoque

184 399 321 439 auspices
343 400 518 440 cleliyuntur
540 400 583 431 acl
603 400 737 439 nuptias.

275 453 346 484 167.
385 465 464 485 DANT
476 454 599 492 smum]
620 455 656 484 ut
673 453 721 484 dei
739 452 900 493 nuptiales.
964 461 1120 484 FVLSERE
1141 462 1244 485 1G1<Es
1260 453 1366 485 Varro
1388 453 1466 484 dicit

184 517 286 548 aqua
315 508 352 537 et
380 506 462 547 igni
490 505 625 537 mariti
659 517 798 537 uxores
834 506 1094 547 accipiebant:
1126 506 1210 537 unde
1242 507 1400 548 hodieque
1435 509 1467 537 et

186 559 272 591 faces
296 560 484 601 praelucent
507 561 540 590 et
564 570 648 600 aqua
670 559 775 600 petita
807 559 845 590 de
868 571 949 601 puro
974 559 1064 592 fonte
1084 570 1140 600 per
1162 560 1372 598 felicissimum
1390 570 1466 600 pue-

183 623 254 644 rum
283 613 416 653 aliquem
444 615 500 644 aut
516 613 663 653 puellam,
685 613 821 644 interest
843 613 978 654 nuptiis,
1002 614 1038 645 de
1055 624 1117 654 qua·
1135 614 1315 645 nubentibus
1333 614 1468 645 solebant

179 666 271 706 pedes
295 667 403 698 lavari.
449 666 507 698 alii
531 665 672 705 ‘fiilsere'
691 677 751 707 pro
774 667 856 698 malo
880 667 980 698 omine
993 668 1131 707 positum
1149 668 1261 699 vol-unt.
1298 678 1367 699 eum
1385 668 1467 699 enlm

183 720 230 750 ait
249 719 373 759 fulsisse
395 720 488 760 iones,
508 719 680 759 infaustum
699 720 860 752 conubium
879 721 997 752 videtur
1016 721 1175 761 ostendere,
1196 721 1270 761 quia
1288 721 1366 752 aetio
1383 722 1465 761 peri-

183 773 293 813 mitur,
316 783 384 805 oum
407 774 442 805 cle
465 773 544 805 eaelo
567 776 721 805 servatum
744 776 793 806 est.
840 776 868 806 et
890 774 960 806 bene
983 774 1036 806 lioc
1061 777 1156 805 totum
1179 775 1222 806 ad
1243 774 1395 806 Iunonem
1419 786 1463 805 re-

182 826 295 866 fertur,
318 827 393 867 quia
415 829 470 858 ae'r
493 837 553 859 esse
575 827 704 865 ‹lieitur;
728 828 808 859 unde
831 838 929 868 aquas
954 838 1022 859 eum
1045 828 1168 868 ionibus
1191 829 1281 860 (ledit.

273 881 345 913 168.
383 889 593 913 VLVLARVNT
618 882 699 913 bene
724 881 865 913 medium
890 881 990 923 elegit
1015 892 1212 913 sermonem:
1236 893 1312 913 nam
1337 882 1383 913 ait
1402 881 1462 913 Lu-

183 945 281 966 canus
313 934 382 975 <VI
406 934 492 975 261>
526 946 599 966 non
629 937 670 966 tu
701 935 818 966 laetis
849 935 1001 966 ululare
1037 935 1259 976 triumphis
1312 935 1346 966 in
1377 936 1465 967 luctu

183 990 291 1019 autem
315 988 443 1029 ululari,
466 1000 530 1020 non
556 988 690 1020 dubium
714 990 771 1020 est.
808 991 837 1020 et
853 990 919 1020 ‘ideo
938 990 1072 1020 medium
1091 989 1178 1029 eleyit
1195 999 1373 1030 sermonem,
1391 990 1465 1029 quia

178 1044 251 1082 post
271 1043 398 1082 nuptias
420 1052 503 1074 mors
526 1045 682 1074 consecuta
705 1045 755 1074 est.
801 1053 864 1074 non
887 1043 968 1074 nulli
991 1043 1036 1074 ita
1060 1043 1224 1083 accipiunt,
1246 1044 1327 1083 quod
1344 1043 1466 1074 ululare

181 1098 291 1127 veteres
314 1096 406 1127 etiam
429 1096 464 1126 in
492 1096 590 1127 saeris
618 1096 756 1128 dicebant
782 1106 818 1127 ex
843 1096 963 1128 Graeca
986 1097 1207 1128 consuetudine.
1253 1107 1321 1137 eryo
1351 1096 1465 1127 ‘ulula-

184 1151 259 1180 runt
280 1146 441 1190 nymplzae’
465 1150 555 1189 quasi
577 1150 758 1189 nuptiarum
781 1160 873 1181 saera
896 1150 1092 1182 celebra-runt.
1139 1150 1252 1182 Graeci
1270 1153 1371 1181 autem
1391 1147 1465 1181 ὀλο-

182 1200 311 1244 λυγμόν
334 1203 508 1243 appellant:
532 1213 606 1234 nam
630 1206 656 1234 et
674 1204 814 1243 primam
837 1204 1075 1244 eonyressionem
1093 1204 1207 1244 proelii
1232 1201 1398 1245 ὀλολυγήν
1416 1205 1461 1236 (ἷὶ-

181 1259 270 1288 cunt:
288 1257 369 1296 quod
388 1256 539 1297 Vergilius
554 1257 683 1288 ostendit
697 1256 762 1297 <XI
778 1257 863 1298 662>
878 1268 1080 1298 nzaynoque
1103 1257 1272 1289 ululante
1296 1258 1464 1289 tumultu.

273 1310 343 1341 170.
381 1318 502 1341 specus
525 1319 666 1341 FAMAVE
691 1319 857 1342 MOVETVR
882 1311 1003 1352 species
1028 1322 1136 1342 rerum
1160 1311 1297 1343 Didonis
1316 1322 1464 1353 praesen-

182 1364 265 1395 tium
290 1366 348 1404 est,
372 1364 459 1405 quod
483 1364 575 1404 quasi
599 1364 764 1405 aspicitur,
788 1365 877 1396 fama
902 1367 1010 1396 autem
1034 1376 1142 1396 rerum
1168 1365 1361 1396 absentium.
1402 1365 1464 1396 hoc

182 1427 258 1459 ergo
282 1417 373 1448 dicit:
401 1428 467 1448 non
491 1428 562 1448 eam
587 1421 695 1449 movet
723 1429 781 1449 nee
809 1429 962 1459 praesens
991 1418 1194 1459 deformitas,
1224 1418 1309 1460 quod
1337 1429 1402 1450 non
1430 1419 1464 1449 in

181 1471 341 1510 thalamo,
366 1471 421 1502 sed
446 1471 478 1502 in
502 1482 599 1512 specu
623 1471 856 1503 concubuerat:
881 1473 933 1503 sed
954 1483 1012 1503 nee
1035 1472 1144 1503 futura
1164 1483 1238 1503 mox
1258 1472 1354 1503 fama.
1375 1470 1460 1513 (alii)
1482 1485 1488 1492 ·

182 1526 337 1565 accipiunt
357 1525 434 1564 faeti
461 1525 609 1565 qualitate
636 1528 691 1557 aut
723 1528 856 1566 respectu
888 1526 1067 1566 honestatis,
1102 1526 1146 1569 τῷ
1175 1525 1343 1567 πρέποντι.
1389 1527 1462 1557 adeo

182 1667 192 1692 l
220 1667 229 1692 l
253 1631 432 1693 lvegfonum
451 1631 534 1658 Iuno’
557 1653 562 1658 .
584 1653 589 1658 .
611 1653 616 1658 .
636 1632 758 1666 praeest]
786 1640 871 1659 exscr.
892 1632 955 1658 Isid.
976 1632 1014 1658 01².
1035 1632 1071 1658 IX
1093 1635 1116 1665 7,
1137 1635 1151 1658 8
1179 1633 1189 1665 11
1217 1635 1232 1657 6
1252 1632 1352 1666 Varro]
1374 1632 1407 1658 ef.
1428 1632 1461 1658 de

251 1768 266 1790 3
287 1773 336 1798 per
355 1765 465 1798 pluuias
485 1765 510 1791 L
525 1766 533 1800 11
547 1766 679 1792 Pronuba
698 1766 766 1792 Iuno
786 1766 874 1793 Varro
896 1787 900 1792 .
923 1789 927 1794 .
948 1770 954 1793 ⁷.
975 1766 1011 1792 ad
1030 1766 1141 1800 nuptias
1160 1766 1220 1792 lzab.
1241 1766 1365 1792 Ambros.
1396 1766 1461 1793 Pro-

180 1800 283 1826 nubam
307 1800 376 1826 dicit
394 1821 399 1827 .
421 1821 426 1826 .
448 1823 453 1827 .
472 1802 560 1835 nupta
584 1803 626 1827 est
650 1803 721 1828 inter
747 1802 917 1835 ‘sraymentu
941 1805 1057 1828 veterum
1076 1811 1108 1827 m·
1128 1802 1218 1828 Servii
1236 1802 1355 1828 scleedis'
1380 1803 1460 1835 idem,

181 1844 287 1868 quaeue
302 1844 356 1868 pro
374 1836 419 1862 vel
438 1845 509 1870 quae
529 1838 655 1863 emlzibens
675 1839 683 1871 11
704 1841 720 1863 4
741 1839 837 1871 nupsit
860 1838 883 1863 T
908 1838 1034 1871 nupserit
1053 1838 1082 1863 F
1098 1838 1107 1871 11
1131 1838 1175 1863 uel
1196 1846 1266 1870 quae
1289 1838 1313 1863 Τ
1331 1840 1355 1864 et
1374 1847 1459 1871 mut-y.

180 1872 275 1897 Ambr.
295 1879 385 1904 neque
406 1871 435 1897 F
458 1880 548 1906 neque
567 1873 670 1899 Daniel
690 1876 713 1899 et
732 1874 825 1900 Ambr.
860 1874 889 1899 et
907 1882 978 1906 quae
998 1874 1121 1907 Sealiyer
1141 1876 1205 1899 east.
1226 1874 1257 1899 in
1277 1873 1349 1900 Fest.
1368 1882 1396 1907 p.
1412 1877 1460 1899 136

181 1907 263 1940 atque
282 1906 446 1933 Bwrmanno
465 1910 527 1934 teste
551 1908 662 1934 Vossius
681 1917 806 1942 quaeque
825 1910 865 1935 rel
886 1909 998 1935 Verrius
1018 1918 1089 1942 quae
1109 1909 1144 1934 F.
1156 1909 1313 1935 Sehoellius.
1334 1910 1367 1942 ef.
1385 1910 1458 1935 Fest.

181 1950 201 1968 s.
212 1951 236 1968 v.
251 1942 398 1975 ‘pronuba'
415 1944 423 1976 11
437 1944 525 1977 nupta
540 1944 594 1977 est]
610 1944 736 1977 nupserit
751 1945 872 1978 Scaliger
888 1946 903 1970 l.
917 1946 933 1971 l.
949 1946 958 1978 11
973 1949 988 1971 6
1004 1955 1117 1971 ivm-suun
1133 1955 1210 1971 mxns
1225 1945 1257 1970 ut
1272 1945 1305 1971 de
1320 1945 1460 1979 nuptiales

180 1986 262 2004 uarro
283 1977 351 2004 dicit
370 1987 389 2004 e.
410 1987 432 2011 q.
452 1987 472 2004 s.
493 1979 522 2004 F
538 1980 547 2012 11
570 1979 615 2005 dei
634 1980 738 2006 Daniel
760 1982 769 2014 11
794 1983 808 2006 7
828 1980 873 2013 aqi
894 1981 925 2006 N
951 1989 1013 2006 euin
1033 1989 1106 2014 aqua
1127 1981 1163 2006 M
1168 1981 1177 2006 l
1198 1981 1206 2014 11
1231 1981 1258 2012 gt
1277 1989 1377 2007 uxores
1398 1981 1435 2006 M

181 2012 369 2047 accipiebant]
390 2013 520 2040 dicebant
535 2014 565 2040 F
576 2016 585 2048 11
600 2018 614 2041 8
634 2015 668 2041 de
687 2024 756 2049 puro
776 2015 852 2042 fonte
873 2024 922 2043 om.
935 2016 965 2041 F
976 2017 985 2049 11
999 2024 1048 2050 per
1067 2015 1260 2042 felicissimum
1279 2025 1395 2050 puerum
1415 2017 1459 2042 vel

181 2049 304 2082 aliquam
325 2049 448 2082 puellam
468 2053 491 2075 et
511 2050 544 2076 de
564 2058 619 2083 qua
637 2071 642 2077 .
665 2073 670 2078 .
693 2072 698 2077 .
719 2051 808 2077 lavari
833 2052 918 2077 edidit
937 2051 1091 2085 Stephanus
1106 2053 1114 2085 11
1131 2056 1163 2077 10
1183 2052 1219 2077 ad
1238 2060 1261 2078 v.
1275 2055 1324 2078 167
1345 2052 1458 2086 quidam

182 2084 284 2111 fulsere
304 2093 354 2118 pro
374 2085 448 2111 malo
468 2085 559 2111 omine
579 2086 721 2120 accipiunt
738 2086 892 2112 infaustum
913 2109 917 2113 .
935 2109 940 2114 ,
957 2108 962 2113 .
983 2088 1124 2113 seruatum
1143 2086 1228 2113 fuerit
1251 2088 1282 2113 in
1301 2096 1386 2121 mary.
1409 2088 1434 2113 T
1451 2088 1459 2121 11

181 2128 261 2146 omne
280 2120 310 2146 F
333 2121 342 2154 11
372 2124 401 2146 11
423 2121 574 2154 perimetur
597 2121 627 2146 F
647 2123 656 2155 11
684 2125 716 2148 15
735 2130 800 2147 nam
823 2123 882 2148 tum
908 2123 944 2148 M
974 2131 1029 2149 nou
1054 2124 1114 2148 tum
1134 2123 1142 2148 l
1164 2124 1173 2157 11
1200 2131 1256 2155 1191]
1275 2123 1383 2149 ululare
1403 2123 1428 2148 L

183 2159 214 2181 16
231 2156 259 2182 et
273 2155 337 2182 ideo
353 2177 358 2183 ,
371 2178 376 2182 .
389 2177 394 2182 .
410 2157 560 2182 consecuta
579 2158 622 2183 est
636 2158 721 2183 edidit
735 2157 889 2190 Stephanus
903 2158 912 2191 11
928 2161 958 2184 17
975 2159 1011 2185 ad
1026 2158 1168 2184 ulularunt
1182 2159 1213 2185 in
1231 2168 1316 2193 mary.
1331 2159 1458 2185 nonnulli

181 2191 288 2217 ululare
312 2191 453 2226 accipiunt
479 2213 484 2218 .
506 2213 511 2218 .
532 2213 537 2218 .
563 2192 743 2218 celebrabant
764 2193 789 2218 T
810 2194 819 2226 11
847 2202 902 2219 non
921 2194 991 2220 nulli
1011 2215 1016 2220 .
1037 2215 1042 2220 .
1063 2215 1068 2220 .
1089 2194 1213 2221 tumultu
1231 2195 1290 2221 hab.
1312 2195 1435 2220 Ambros.
1457 2224 1458 2227 Ἰ

183 2229 215 2252 18
235 2227 264 2252 iu
283 2227 369 2253 sacris
389 2227 474 2254 etiam
493 2228 616 2254 Ambros.
632 2229 641 2262 11
657 2232 688 2254 19
709 2237 810 2262 graeca
829 2228 859 2254 F
870 2230 879 2263 11
893 2232 927 2255 20
946 2229 1046 2262 proelii
1060 2230 1206 2263 Hayenus:
1226 2230 1322 2264 praebi
1338 2229 1373 2262 F,
1393 2231 1457 2255 omi-

181 2263 216 2288 sit
235 2262 338 2289 Daniel
356 2263 365 2297 11
385 2273 521 2289 <monam
542 2263 571 2288 F
587 2264 596 2297 11
617 2266 650 2290 25
671 2265 802 2297 speluneo
822 2264 852 2290 F
878 2265 1011 2298 spelunca
1030 2265 1133 2292 Daniel
1151 2267 1160 2299 11
1184 2269 1216 2292 526
1237 2265 1388 2299 accipiunt]
1409 2265 1457 2291 alii

182 2297 257 2324 fama
275 2298 418 2332 accipiunt
435 2299 538 2325 Daniel
553 2300 671 2333 primus.
703 2300 748 2326 sed
772 2297 840 2326 facti
860 2300 996 2333 qualitate
1016 2301 1053 2327 ad
1077 2301 1182 2335 speeie,
1206 2302 1243 2328 acl
1267 2301 1375 2327 famave
1396 2310 1457 2334 per—

183 2334 250 2360 tinet
268 2335 397 2368 respectu
415 2334 570 2362 honestatis
584 2336 593 2369 11
607 2335 675 2361 facti
697 2335 864 2362 Masvieius:
883 2335 959 2362 facta
978 2336 1009 2362 F

1191 2382 1244 2407 32*

1485 407 1500 430 <5¹

1488 676 1519 698 10

1487 944 1518 966 15

1482 1482 1496 1504 [v

1500 1481 1514 1504 cx
