<?xml version="1.0" encoding="UTF-8"?>
<!DOCTYPE html PUBLIC "-//W3C//DTD XHTML 1.0 Transitional//EN"
    "http://www.w3.org/TR/xhtml1/DTD/xhtml1-transitional.dtd">
<html xmlns="http://www.w3.org/1999/xhtml" xml:lang="en" lang="en">
 <head>
  <title>
</title>
<meta http-equiv="Content-Type" content="text/html;charset=utf-8" />
  <meta name='ocr-system' content='tesseract 3.04.00' />
  <meta name='ocr-capabilities' content='ocr_page ocr_carea ocr_par ocr_line ocrx_word'/>
</head>
<body>
  <div class='ocr_page' id='page_1' title='image "./serviigrammatici01bons_0077.png"; bbox 0 0 1690 2611; ppageno 0'>
   <div class='ocr_carea' id='block_1_1' title="bbox 698 145 1445 174">
    <p class='ocr_par' dir='ltr' id='par_1_1' title="bbox 698 145 1445 174">
     <span class='ocr_line' id='line_1_1' title="bbox 698 145 1445 174; baseline 0.001 -3"><span class='ocrx_word' id='word_1_1' title='bbox 698 145 912 172; x_wconf 83' lang='lat' dir='ltr'>PRAEFATIO.</span> <span class='ocrx_word' id='word_1_2' title='bbox 1332 147 1445 174; x_wconf 83' lang='lat' dir='ltr'>LXXIII</span> 
     </span>
    </p>
   </div>
   <div class='ocr_carea' id='block_1_2' title="bbox 168 228 1449 2193">
    <p class='ocr_par' dir='ltr' id='par_1_2' title="bbox 168 228 1447 911">
     <span class='ocr_line' id='line_1_2' title="bbox 169 228 1443 270; baseline 0 -10"><span class='ocrx_word' id='word_1_3' title='bbox 169 228 431 261; x_wconf 83' lang='lat' dir='ltr'>consuetudinem</span> <span class='ocrx_word' id='word_1_4' title='bbox 456 229 506 260; x_wconf 80' lang='lat' dir='ltr'>vel</span> <span class='ocrx_word' id='word_1_5' title='bbox 531 229 629 260; x_wconf 85' lang='lat' dir='ltr'>etiam</span> <span class='ocrx_word' id='word_1_6' title='bbox 653 228 769 260; x_wconf 85' lang='lat' dir='ltr'>vitiose</span> <span class='ocrx_word' id='word_1_7' title='bbox 786 239 804 260; x_wconf 84' lang='lat' dir='ltr'>a</span> <span class='ocrx_word' id='word_1_8' title='bbox 820 228 930 260; x_wconf 82' lang='lat' dir='ltr'>Servio</span> <span class='ocrx_word' id='word_1_9' title='bbox 952 228 1039 260; x_wconf 84' lang='lat' dir='ltr'>dict-a</span> <span class='ocrx_word' id='word_1_10' title='bbox 1065 240 1134 260; x_wconf 79' lang='lat' dir='ltr'>esse</span> <span class='ocrx_word' id='word_1_11' title='bbox 1158 231 1353 270; x_wconf 85' lang='lat' dir='ltr'>putaverunt</span> <span class='ocrx_word' id='word_1_12' title='bbox 1372 240 1443 260; x_wconf 89' lang='lat' dir='ltr'>cum</span> 
     </span>
     <span class='ocr_line' id='line_1_3' title="bbox 170 281 1444 324; baseline 0 -10"><span class='ocrx_word' id='word_1_13' title='bbox 170 283 345 324; x_wconf 84' lang='lat' dir='ltr'>superioris</span> <span class='ocrx_word' id='word_1_14' title='bbox 371 283 487 314; x_wconf 84' lang='lat' dir='ltr'>aetatis</span> <span class='ocrx_word' id='word_1_15' title='bbox 513 282 723 323; x_wconf 70' lang='lat' dir='ltr'>scriptoribus</span> <span class='ocrx_word' id='word_1_16' title='bbox 753 282 781 313; x_wconf 90' lang='lat' dir='ltr'>ei</span> <span class='ocrx_word' id='word_1_17' title='bbox 810 281 992 313; x_wconf 89' lang='lat' dir='ltr'>communia</span> <span class='ocrx_word' id='word_1_18' title='bbox 1022 285 1105 313; x_wconf 87' lang='lat' dir='ltr'>sunt.</span> <span class='ocrx_word' id='word_1_19' title='bbox 1147 294 1221 314; x_wconf 80' lang='lat' dir='ltr'>uam</span> <span class='ocrx_word' id='word_1_20' title='bbox 1251 283 1336 324; x_wconf 81' lang='lat' dir='ltr'>quod</span> <span class='ocrx_word' id='word_1_21' title='bbox 1365 282 1444 315; x_wconf 79' lang='lat' dir='ltr'>Aen.</span> 
     </span>
     <span class='ocr_line' id='line_1_4' title="bbox 168 334 1446 378; baseline 0.001 -11"><span class='ocrx_word' id='word_1_22' title='bbox 168 336 199 367; x_wconf 94' lang='lat' dir='ltr'><strong>V</strong></span> <span class='ocrx_word' id='word_1_23' title='bbox 222 337 287 367; x_wconf 80' lang='lat'>370</span> <span class='ocrx_word' id='word_1_24' title='bbox 311 347 369 378; x_wconf 86' lang='lat' dir='ltr'>pro</span> <span class='ocrx_word' id='word_1_25' title='bbox 394 335 483 367; x_wconf 74' lang='lat' dir='ltr'>‘cum</span> <span class='ocrx_word' id='word_1_26' title='bbox 515 335 635 367; x_wconf 88' lang='lat' dir='ltr'>Hector</span> <span class='ocrx_word' id='word_1_27' title='bbox 665 335 788 367; x_wconf 85' lang='lat' dir='ltr'>occisus</span> <span class='ocrx_word' id='word_1_28' title='bbox 818 334 918 366; x_wconf 85' lang='lat' dir='ltr'>esset&#39;</span> <span class='ocrx_word' id='word_1_29' title='bbox 947 335 1027 365; x_wconf 82' lang='lat' dir='ltr'>dixit</span> <span class='ocrx_word' id='word_1_30' title='bbox 1056 346 1123 366; x_wconf 79' lang='lat' dir='ltr'>cum</span> <span class='ocrx_word' id='word_1_31' title='bbox 1151 336 1304 367; x_wconf 72' lang='lat' dir='ltr'><em>habuisset</em></span> <span class='ocrx_word' id='word_1_32' title='bbox 1331 337 1446 368; x_wconf 82' lang='lat' dir='ltr'>Hector</span> 
     </span>
     <span class='ocr_line' id='line_1_5' title="bbox 171 388 1445 431; baseline 0.001 -10"><span class='ocrx_word' id='word_1_33' title='bbox 171 390 278 428; x_wconf 77' lang='lat' dir='ltr'>occidi,</span> <span class='ocrx_word' id='word_1_34' title='bbox 303 389 423 421; x_wconf 84' lang='lat' dir='ltr'>similia</span> <span class='ocrx_word' id='word_1_35' title='bbox 447 390 532 431; x_wconf 83' lang='lat' dir='ltr'>apud</span> <span class='ocrx_word' id='word_1_36' title='bbox 555 389 790 420; x_wconf 79' lang='lat' dir='ltr'>Tertullianum</span> <span class='ocrx_word' id='word_1_37' title='bbox 822 389 1039 420; x_wconf 86' lang='lat' dir='ltr'>inveniuntur.</span> <span class='ocrx_word' id='word_1_38' title='bbox 1082 388 1134 430; x_wconf 77' lang='lat' dir='ltr'>(ef.</span> <span class='ocrx_word' id='word_1_39' title='bbox 1160 388 1288 420; x_wconf 84' lang='lat' dir='ltr'>Oehleri</span> <span class='ocrx_word' id='word_1_40' title='bbox 1308 390 1445 422; x_wconf 83' lang='lat' dir='ltr'>indicem</span> 
     </span>
     <span class='ocr_line' id='line_1_6' title="bbox 171 441 1445 486; baseline 0 -11"><span class='ocrx_word' id='word_1_41' title='bbox 171 455 194 475; x_wconf 86' lang='lat' dir='ltr'>s.</span> <span class='ocrx_word' id='word_1_42' title='bbox 219 455 247 475; x_wconf 85' lang='lat' dir='ltr'>v.</span> <span class='ocrx_word' id='word_1_43' title='bbox 270 443 414 486; x_wconf 80' lang='lat' dir='ltr'>habere.)</span> <span class='ocrx_word' id='word_1_44' title='bbox 452 443 531 475; x_wconf 84' lang='lat' dir='ltr'>Aen.</span> <span class='ocrx_word' id='word_1_45' title='bbox 554 443 587 474; x_wconf 87' lang='lat' dir='ltr'>H</span> <span class='ocrx_word' id='word_1_46' title='bbox 611 444 672 474; x_wconf 62' lang='lat'>661</span> <span class='ocrx_word' id='word_1_47' title='bbox 700 442 744 483; x_wconf 78' lang='lat' dir='ltr'>(p.</span> <span class='ocrx_word' id='word_1_48' title='bbox 761 443 834 482; x_wconf 83' lang='lat'><strong>307,</strong></span> <span class='ocrx_word' id='word_1_49' title='bbox 860 441 928 483; x_wconf 80' lang='lat'>13),</span> <span class='ocrx_word' id='word_1_50' title='bbox 951 442 999 473; x_wconf 84' lang='lat' dir='ltr'>HI</span> <span class='ocrx_word' id='word_1_51' title='bbox 1024 443 1085 473; x_wconf 75' lang='lat'>521</span> <span class='ocrx_word' id='word_1_52' title='bbox 1113 442 1151 473; x_wconf 80' lang='lat' dir='ltr'>al.</span> <span class='ocrx_word' id='word_1_53' title='bbox 1195 444 1445 484; x_wconf 80' lang='lat' dir='ltr'>comparativum</span> 
     </span>
     <span class='ocr_line' id='line_1_7' title="bbox 170 496 1444 538; baseline -0.001 -9"><span class='ocrx_word' id='word_1_54' title='bbox 170 509 229 538; x_wconf 89' lang='lat' dir='ltr'>pro</span> <span class='ocrx_word' id='word_1_55' title='bbox 253 508 347 538; x_wconf 78' lang='lat' dir='ltr'>quam</span> <span class='ocrx_word' id='word_1_56' title='bbox 370 497 531 538; x_wconf 86' lang='lat' dir='ltr'>particula</span> <span class='ocrx_word' id='word_1_57' title='bbox 554 507 575 528; x_wconf 83' lang='grc' dir='ltr'><em>α</em></span> <span class='ocrx_word' id='word_1_58' title='bbox 598 496 796 537; x_wconf 77' lang='lat' dir='ltr'>praepositio</span> <span class='ocrx_word' id='word_1_59' title='bbox 822 496 975 537; x_wconf 86' lang='lat' dir='ltr'>sequitur.</span> <span class='ocrx_word' id='word_1_60' title='bbox 1014 496 1067 535; x_wconf 85' lang='lat' dir='ltr'>(cf.</span> <span class='ocrx_word' id='word_1_61' title='bbox 1086 498 1257 527; x_wconf 88' lang='lat' dir='ltr'>comment.</span> <span class='ocrx_word' id='word_1_62' title='bbox 1282 497 1314 526; x_wconf 88' lang='lat' dir='ltr'>in</span> <span class='ocrx_word' id='word_1_63' title='bbox 1340 497 1444 528; x_wconf 84' lang='lat' dir='ltr'>Dona-</span> 
     </span>
     <span class='ocr_line' id='line_1_8' title="bbox 171 548 1445 592; baseline -0.001 -10"><span class='ocrx_word' id='word_1_64' title='bbox 171 553 240 582; x_wconf 90' lang='lat' dir='ltr'>tum</span> <span class='ocrx_word' id='word_1_65' title='bbox 268 562 297 592; x_wconf 90' lang='lat' dir='ltr'>p.</span> <span class='ocrx_word' id='word_1_66' title='bbox 326 551 404 591; x_wconf 83' lang='lat'>407,</span> <span class='ocrx_word' id='word_1_67' title='bbox 433 551 474 581; x_wconf 73' lang='lat'>27</span> <span class='ocrx_word' id='word_1_68' title='bbox 496 561 565 591; x_wconf 85' lang='lat' dir='ltr'>sqq.</span> <span class='ocrx_word' id='word_1_69' title='bbox 589 548 643 592; x_wconf 90' lang='lat' dir='ltr'>K.)</span> <span class='ocrx_word' id='word_1_70' title='bbox 688 549 830 581; x_wconf 87' lang='lat' dir='ltr'>eiusdem</span> <span class='ocrx_word' id='word_1_71' title='bbox 864 550 1044 580; x_wconf 81' lang='lat' dir='ltr'>structurae</span> <span class='ocrx_word' id='word_1_72' title='bbox 1079 549 1225 589; x_wconf 80' lang='lat' dir='ltr'>exempla</span> <span class='ocrx_word' id='word_1_73' title='bbox 1257 548 1445 581; x_wconf 76' lang='lat' dir='ltr'>Kuehnerus</span> 
     </span>
     <span class='ocr_line' id='line_1_9' title="bbox 173 601 1447 644; baseline -0.001 -9"><span class='ocrx_word' id='word_1_74' title='bbox 173 602 344 643; x_wconf 72' lang='lat' dir='ltr'>(ausfiihrl.</span> <span class='ocrx_word' id='word_1_75' title='bbox 370 602 510 634; x_wconf 90' lang='lat' dir='ltr'>Gramm.</span> <span class='ocrx_word' id='word_1_76' title='bbox 535 603 563 634; x_wconf 90' lang='lat' dir='ltr'>d.</span> <span class='ocrx_word' id='word_1_77' title='bbox 587 603 642 634; x_wconf 85' lang='lat' dir='ltr'>lat.</span> <span class='ocrx_word' id='word_1_78' title='bbox 663 602 778 644; x_wconf 81' lang='lat' dir='ltr'>Spr.11</span> <span class='ocrx_word' id='word_1_79' title='bbox 797 614 827 644; x_wconf 87' lang='lat' dir='ltr'>p.</span> <span class='ocrx_word' id='word_1_80' title='bbox 843 602 922 644; x_wconf 76' lang='lat'>361)</span> <span class='ocrx_word' id='word_1_81' title='bbox 943 614 979 633; x_wconf 83' lang='lat' dir='ltr'>ex</span> <span class='ocrx_word' id='word_1_82' title='bbox 1005 601 1109 633; x_wconf 86' lang='lat' dir='ltr'>Caelii</span> <span class='ocrx_word' id='word_1_83' title='bbox 1125 602 1293 633; x_wconf 82' lang='lat' dir='ltr'>Aureliani</span> <span class='ocrx_word' id='word_1_84' title='bbox 1318 602 1355 634; x_wconf 86' lang='lat' dir='ltr'>de</span> <span class='ocrx_word' id='word_1_85' title='bbox 1376 614 1447 634; x_wconf 83' lang='lat' dir='ltr'>aeu-</span> 
     </span>
     <span class='ocr_line' id='line_1_10' title="bbox 170 655 1446 698; baseline -0.002 -10"><span class='ocrx_word' id='word_1_86' title='bbox 170 658 213 688; x_wconf 90' lang='lat' dir='ltr'>tis</span> <span class='ocrx_word' id='word_1_87' title='bbox 238 657 359 688; x_wconf 83' lang='lat' dir='ltr'>morbis</span> <span class='ocrx_word' id='word_1_88' title='bbox 385 657 468 688; x_wconf 87' lang='lat' dir='ltr'>libro</span> <span class='ocrx_word' id='word_1_89' title='bbox 494 656 628 698; x_wconf 85' lang='lat' dir='ltr'>profert.</span> <span class='ocrx_word' id='word_1_90' title='bbox 670 656 708 688; x_wconf 86' lang='lat' dir='ltr'>de</span> <span class='ocrx_word' id='word_1_91' title='bbox 732 656 907 687; x_wconf 82' lang='lat' dir='ltr'>indicativo</span> <span class='ocrx_word' id='word_1_92' title='bbox 933 656 1027 687; x_wconf 89' lang='lat' dir='ltr'>modo</span> <span class='ocrx_word' id='word_1_93' title='bbox 1053 655 1085 695; x_wconf 88' lang='lat' dir='ltr'>in</span> <span class='ocrx_word' id='word_1_94' title='bbox 1106 655 1244 696; x_wconf 87' lang='lat' dir='ltr'>obliquis</span> <span class='ocrx_word' id='word_1_95' title='bbox 1269 656 1446 697; x_wconf 80' lang='lat' dir='ltr'>interroga-</span> 
     </span>
     <span class='ocr_line' id='line_1_11' title="bbox 171 708 1445 752; baseline -0.002 -11"><span class='ocrx_word' id='word_1_96' title='bbox 171 711 314 742; x_wconf 87' lang='lat' dir='ltr'>tionibus</span> <span class='ocrx_word' id='word_1_97' title='bbox 338 710 446 751; x_wconf 85' lang='lat' dir='ltr'>posito</span> <span class='ocrx_word' id='word_1_98' title='bbox 471 709 515 752; x_wconf 89' lang='lat' dir='ltr'>(p.</span> <span class='ocrx_word' id='word_1_99' title='bbox 542 710 591 750; x_wconf 79' lang='lat'>15,</span> <span class='ocrx_word' id='word_1_100' title='bbox 616 711 635 741; x_wconf 88' lang='grc'><strong>9</strong></span> <span class='ocrx_word' id='word_1_101' title='bbox 652 721 697 751; x_wconf 84' lang='lat' dir='ltr'>sq.</span> <span class='ocrx_word' id='word_1_102' title='bbox 722 712 754 741; x_wconf 85' lang='lat' dir='ltr'>et</span> <span class='ocrx_word' id='word_1_103' title='bbox 779 721 808 750; x_wconf 91' lang='lat' dir='ltr'>p.</span> <span class='ocrx_word' id='word_1_104' title='bbox 824 710 874 749; x_wconf 70' lang='lat'>92,</span> <span class='ocrx_word' id='word_1_105' title='bbox 890 709 925 750; x_wconf 77' lang='lat'>4)</span> <span class='ocrx_word' id='word_1_106' title='bbox 950 709 1022 740; x_wconf 79' lang='lat' dir='ltr'>vide</span> <span class='ocrx_word' id='word_1_107' title='bbox 1046 720 1128 750; x_wconf 79' lang='lat' dir='ltr'>quae</span> <span class='ocrx_word' id='word_1_108' title='bbox 1152 708 1335 750; x_wconf 83' lang='lat' dir='ltr'>Draegerus</span> <span class='ocrx_word' id='word_1_109' title='bbox 1357 708 1445 750; x_wconf 82' lang='lat' dir='ltr'>(hist.</span> 
     </span>
     <span class='ocr_line' id='line_1_12' title="bbox 173 762 1444 805; baseline -0.002 -10"><span class='ocrx_word' id='word_1_110' title='bbox 173 763 263 804; x_wconf 77' lang='lat' dir='ltr'>Synt.</span> <span class='ocrx_word' id='word_1_111' title='bbox 289 765 308 803; x_wconf 66' lang='grc' dir='ltr'>ἓ</span> <span class='ocrx_word' id='word_1_112' title='bbox 332 763 410 805; x_wconf 80' lang='lat'>464)</span> <span class='ocrx_word' id='word_1_113' title='bbox 437 763 593 805; x_wconf 80' lang='lat' dir='ltr'>exposuit.</span> <span class='ocrx_word' id='word_1_114' title='bbox 635 763 719 794; x_wconf 84' lang='lat' dir='ltr'>idem</span> <span class='ocrx_word' id='word_1_115' title='bbox 743 762 777 805; x_wconf 63' lang='grc' dir='ltr'>(ἓ</span> <span class='ocrx_word' id='word_1_116' title='bbox 798 763 860 794; x_wconf 82' lang='lat'>379</span> <span class='ocrx_word' id='word_1_117' title='bbox 878 762 936 804; x_wconf 88' lang='lat' dir='ltr'>sq.)</span> <span class='ocrx_word' id='word_1_118' title='bbox 963 763 1109 803; x_wconf 79' lang='lat' dir='ltr'>exempla</span> <span class='ocrx_word' id='word_1_119' title='bbox 1134 763 1264 803; x_wconf 84' lang='lat' dir='ltr'>collegit</span> <span class='ocrx_word' id='word_1_120' title='bbox 1288 774 1303 793; x_wconf 91' lang='lat' dir='ltr'>e</span> <span class='ocrx_word' id='word_1_121' title='bbox 1329 762 1444 803; x_wconf 85' lang='lat' dir='ltr'>quibus</span> 
     </span>
     <span class='ocr_line' id='line_1_13' title="bbox 171 816 1445 858; baseline -0.001 -11"><span class='ocrx_word' id='word_1_122' title='bbox 171 817 414 858; x_wconf 83' lang='lat' dir='ltr'>intellegeretur</span> <span class='ocrx_word' id='word_1_123' title='bbox 437 828 499 858; x_wconf 86' lang='lat' dir='ltr'>quo</span> <span class='ocrx_word' id='word_1_124' title='bbox 524 819 670 858; x_wconf 83' lang='lat' dir='ltr'>tempore</span> <span class='ocrx_word' id='word_1_125' title='bbox 689 817 771 856; x_wconf 72' lang='lat' dir='ltr'>quod</span> <span class='ocrx_word' id='word_1_126' title='bbox 792 818 825 847; x_wconf 87' lang='lat' dir='ltr'>et</span> <span class='ocrx_word' id='word_1_127' title='bbox 843 817 918 856; x_wconf 77' lang='lat' dir='ltr'>quia</span> <span class='ocrx_word' id='word_1_128' title='bbox 938 816 1179 847; x_wconf 87' lang='lat' dir='ltr'>coniunctiones</span> <span class='ocrx_word' id='word_1_129' title='bbox 1204 816 1350 847; x_wconf 80' lang='lat' dir='ltr'>infinitae</span> <span class='ocrx_word' id='word_1_130' title='bbox 1375 827 1445 846; x_wconf 89' lang='lat' dir='ltr'>sen-</span> 
     </span>
     <span class='ocr_line' id='line_1_14' title="bbox 171 867 1371 911; baseline -0.001 -10"><span class='ocrx_word' id='word_1_131' title='bbox 171 870 292 901; x_wconf 84' lang='lat' dir='ltr'>tentiae</span> <span class='ocrx_word' id='word_1_132' title='bbox 316 871 421 902; x_wconf 90' lang='lat' dir='ltr'>locum</span> <span class='ocrx_word' id='word_1_133' title='bbox 445 872 554 901; x_wconf 84' lang='lat' dir='ltr'>tenere</span> <span class='ocrx_word' id='word_1_134' title='bbox 579 871 770 911; x_wconf 83' lang='lat' dir='ltr'>coepissent.</span> <span class='ocrx_word' id='word_1_135' title='bbox 1365 867 1371 874; x_wconf 84' lang='lat'>&#39;</span> 
     </span>
    </p>

    <p class='ocr_par' dir='ltr' id='par_1_3' title="bbox 170 922 1449 2138">
     <span class='ocr_line' id='line_1_15' title="bbox 258 922 1445 965; baseline -0.001 -11"><span class='ocrx_word' id='word_1_136' title='bbox 258 923 323 955; x_wconf 90' lang='lat' dir='ltr'>Vbi</span> <span class='ocrx_word' id='word_1_137' title='bbox 346 925 441 954; x_wconf 88' lang='lat' dir='ltr'>natus</span> <span class='ocrx_word' id='word_1_138' title='bbox 467 923 509 954; x_wconf 89' lang='lat' dir='ltr'>sit</span> <span class='ocrx_word' id='word_1_139' title='bbox 529 922 659 955; x_wconf 82' lang='lat' dir='ltr'>Servius</span> <span class='ocrx_word' id='word_1_140' title='bbox 683 935 748 955; x_wconf 91' lang='lat' dir='ltr'>non</span> <span class='ocrx_word' id='word_1_141' title='bbox 773 925 822 955; x_wconf 87' lang='lat' dir='ltr'>est</span> <span class='ocrx_word' id='word_1_142' title='bbox 846 924 1020 955; x_wconf 81' lang='lat' dir='ltr'>memoriae</span> <span class='ocrx_word' id='word_1_143' title='bbox 1043 923 1206 965; x_wconf 88' lang='lat' dir='ltr'>proditum</span> <span class='ocrx_word' id='word_1_144' title='bbox 1231 934 1334 964; x_wconf 87' lang='lat' dir='ltr'>neque</span> <span class='ocrx_word' id='word_1_145' title='bbox 1359 922 1445 964; x_wconf 87' lang='lat' dir='ltr'>quid—</span> 
     </span>
     <span class='ocr_line' id='line_1_16' title="bbox 172 976 1445 1019; baseline -0.002 -10"><span class='ocrx_word' id='word_1_146' title='bbox 172 988 269 1019; x_wconf 83' lang='lat' dir='ltr'>quam</span> <span class='ocrx_word' id='word_1_147' title='bbox 293 977 400 1008; x_wconf 87' lang='lat' dir='ltr'>inveni</span> <span class='ocrx_word' id='word_1_148' title='bbox 423 977 506 1008; x_wconf 87' lang='lat' dir='ltr'>unde</span> <span class='ocrx_word' id='word_1_149' title='bbox 531 977 568 1008; x_wconf 87' lang='lat' dir='ltr'>de</span> <span class='ocrx_word' id='word_1_150' title='bbox 594 988 630 1008; x_wconf 88' lang='lat' dir='ltr'>ea</span> <span class='ocrx_word' id='word_1_151' title='bbox 658 988 691 1008; x_wconf 86' lang='lat' dir='ltr'>re</span> <span class='ocrx_word' id='word_1_152' title='bbox 721 977 906 1008; x_wconf 83' lang='lat' dir='ltr'>coniectura</span> <span class='ocrx_word' id='word_1_153' title='bbox 936 977 1040 1017; x_wconf 85' lang='lat' dir='ltr'>fieret,</span> <span class='ocrx_word' id='word_1_154' title='bbox 1069 976 1123 1007; x_wconf 86' lang='lat' dir='ltr'>sed</span> <span class='ocrx_word' id='word_1_155' title='bbox 1152 976 1216 1007; x_wconf 85' lang='lat' dir='ltr'>iam</span> <span class='ocrx_word' id='word_1_156' title='bbox 1247 977 1287 1007; x_wconf 87' lang='lat' dir='ltr'>ab</span> <span class='ocrx_word' id='word_1_157' title='bbox 1316 977 1445 1007; x_wconf 89' lang='lat' dir='ltr'>ineunte</span> 
     </span>
     <span class='ocr_line' id='line_1_17' title="bbox 171 1030 1444 1063; baseline -0.001 -1"><span class='ocrx_word' id='word_1_158' title='bbox 171 1033 278 1063; x_wconf 84' lang='lat' dir='ltr'>aetate</span> <span class='ocrx_word' id='word_1_159' title='bbox 306 1030 429 1061; x_wconf 86' lang='lat' dir='ltr'>Romae</span> <span class='ocrx_word' id='word_1_160' title='bbox 458 1030 656 1061; x_wconf 86' lang='lat' dir='ltr'>domicilium</span> <span class='ocrx_word' id='word_1_161' title='bbox 685 1030 838 1061; x_wconf 82' lang='lat' dir='ltr'>habuisse</span> <span class='ocrx_word' id='word_1_162' title='bbox 867 1030 1002 1062; x_wconf 85' lang='lat' dir='ltr'>videtur.</span> <span class='ocrx_word' id='word_1_163' title='bbox 1044 1030 1226 1061; x_wconf 83' lang='lat' dir='ltr'>Macrobius</span> <span class='ocrx_word' id='word_1_164' title='bbox 1256 1030 1341 1061; x_wconf 82' lang='lat' dir='ltr'>enini</span> <span class='ocrx_word' id='word_1_165' title='bbox 1372 1030 1444 1061; x_wconf 86' lang='lat' dir='ltr'>adu-</span> 
     </span>
     <span class='ocr_line' id='line_1_18' title="bbox 171 1083 1446 1125; baseline -0.002 -9"><span class='ocrx_word' id='word_1_166' title='bbox 171 1085 347 1116; x_wconf 79' lang='lat' dir='ltr'>lescentem</span> <span class='ocrx_word' id='word_1_167' title='bbox 372 1095 443 1115; x_wconf 89' lang='lat' dir='ltr'>eum</span> <span class='ocrx_word' id='word_1_168' title='bbox 465 1086 496 1115; x_wconf 92' lang='lat' dir='ltr'>et</span> <span class='ocrx_word' id='word_1_169' title='bbox 516 1084 677 1125; x_wconf 86' lang='lat' dir='ltr'>colloquio</span> <span class='ocrx_word' id='word_1_170' title='bbox 694 1083 953 1116; x_wconf 78' lang='lat' dir='ltr'>Saturnaliorum</span> <span class='ocrx_word' id='word_1_171' title='bbox 973 1084 1064 1115; x_wconf 85' lang='lat' dir='ltr'>libris</span> <span class='ocrx_word' id='word_1_172' title='bbox 1080 1084 1241 1125; x_wconf 87' lang='lat' dir='ltr'>descripto</span> <span class='ocrx_word' id='word_1_173' title='bbox 1261 1083 1446 1114; x_wconf 82' lang='lat' dir='ltr'>interfuisse</span> 
     </span>
     <span class='ocr_line' id='line_1_19' title="bbox 171 1137 1444 1178; baseline -0.001 -8"><span class='ocrx_word' id='word_1_174' title='bbox 171 1138 266 1170; x_wconf 83' lang='lat' dir='ltr'>finxit</span> <span class='ocrx_word' id='word_1_175' title='bbox 290 1140 322 1169; x_wconf 90' lang='lat' dir='ltr'>et</span> <span class='ocrx_word' id='word_1_176' title='bbox 345 1137 484 1178; x_wconf 80' lang='lat' dir='ltr'>Vergilii</span> <span class='ocrx_word' id='word_1_177' title='bbox 516 1138 659 1168; x_wconf 87' lang='lat' dir='ltr'>earmina</span> <span class='ocrx_word' id='word_1_178' title='bbox 689 1138 722 1168; x_wconf 90' lang='lat' dir='ltr'>in</span> <span class='ocrx_word' id='word_1_179' title='bbox 747 1138 878 1169; x_wconf 84' lang='lat' dir='ltr'>urbanis</span> <span class='ocrx_word' id='word_1_180' title='bbox 910 1138 1028 1169; x_wconf 88' lang='lat' dir='ltr'>scholis</span> <span class='ocrx_word' id='word_1_181' title='bbox 1058 1149 1224 1169; x_wconf 85' lang='lat' dir='ltr'>enarrasse</span> <span class='ocrx_word' id='word_1_182' title='bbox 1253 1148 1444 1169; x_wconf 82' lang='lat' dir='ltr'>commemo-</span> 
     </span>
     <span class='ocr_line' id='line_1_20' title="bbox 170 1190 1446 1233; baseline -0.002 -10"><span class='ocrx_word' id='word_1_183' title='bbox 170 1193 231 1223; x_wconf 91' lang='lat' dir='ltr'>rat.</span> <span class='ocrx_word' id='word_1_184' title='bbox 269 1191 348 1222; x_wconf 87' lang='lat' dir='ltr'>adde</span> <span class='ocrx_word' id='word_1_185' title='bbox 373 1191 457 1232; x_wconf 89' lang='lat' dir='ltr'>quod</span> <span class='ocrx_word' id='word_1_186' title='bbox 481 1190 598 1222; x_wconf 86' lang='lat' dir='ltr'>Nieeus</span> <span class='ocrx_word' id='word_1_187' title='bbox 630 1191 685 1222; x_wconf 89' lang='lat' dir='ltr'>ille</span> <span class='ocrx_word' id='word_1_188' title='bbox 713 1190 834 1222; x_wconf 84' lang='lat' dir='ltr'>Romae</span> <span class='ocrx_word' id='word_1_189' title='bbox 864 1191 948 1233; x_wconf 82' lang='lat' dir='ltr'>apud</span> <span class='ocrx_word' id='word_1_190' title='bbox 978 1190 1123 1222; x_wconf 82' lang='lat' dir='ltr'>Servium</span> <span class='ocrx_word' id='word_1_191' title='bbox 1153 1191 1316 1222; x_wconf 84' lang='lat' dir='ltr'>Iuvenalis</span> <span class='ocrx_word' id='word_1_192' title='bbox 1345 1191 1446 1221; x_wconf 83' lang='lat' dir='ltr'>libros</span> 
     </span>
     <span class='ocr_line' id='line_1_21' title="bbox 174 1244 1445 1286; baseline -0.002 -10"><span class='ocrx_word' id='word_1_193' title='bbox 174 1256 207 1277; x_wconf 91' lang='lat' dir='ltr'>se</span> <span class='ocrx_word' id='word_1_194' title='bbox 238 1244 356 1286; x_wconf 85' lang='lat' dir='ltr'>legisse</span> <span class='ocrx_word' id='word_1_195' title='bbox 386 1245 526 1275; x_wconf 87' lang='lat' dir='ltr'>testatur</span> <span class='ocrx_word' id='word_1_196' title='bbox 557 1246 589 1275; x_wconf 88' lang='lat' dir='ltr'>et</span> <span class='ocrx_word' id='word_1_197' title='bbox 620 1244 703 1285; x_wconf 84' lang='lat' dir='ltr'>quod</span> <span class='ocrx_word' id='word_1_198' title='bbox 736 1256 774 1275; x_wconf 85' lang='lat' dir='ltr'>ea</span> <span class='ocrx_word' id='word_1_199' title='bbox 805 1255 886 1286; x_wconf 86' lang='lat' dir='ltr'>quae</span> <span class='ocrx_word' id='word_1_200' title='bbox 913 1244 951 1275; x_wconf 90' lang='lat' dir='ltr'>de</span> <span class='ocrx_word' id='word_1_201' title='bbox 981 1247 1109 1275; x_wconf 87' lang='lat' dir='ltr'>centum</span> <span class='ocrx_word' id='word_1_202' title='bbox 1134 1246 1245 1275; x_wconf 86' lang='lat' dir='ltr'>metris</span> <span class='ocrx_word' id='word_1_203' title='bbox 1270 1244 1382 1275; x_wconf 86' lang='lat' dir='ltr'>libello</span> <span class='ocrx_word' id='word_1_204' title='bbox 1407 1244 1445 1274; x_wconf 80' lang='lat' dir='ltr'>ad</span> 
     </span>
     <span class='ocr_line' id='line_1_22' title="bbox 172 1296 1447 1339; baseline -0.001 -10"><span class='ocrx_word' id='word_1_205' title='bbox 172 1298 329 1330; x_wconf 86' lang='lat' dir='ltr'>Albinum</span> <span class='ocrx_word' id='word_1_206' title='bbox 354 1296 482 1328; x_wconf 84' lang='lat' dir='ltr'>Servius</span> <span class='ocrx_word' id='word_1_207' title='bbox 507 1297 672 1338; x_wconf 84' lang='lat' dir='ltr'>praefatus</span> <span class='ocrx_word' id='word_1_208' title='bbox 689 1299 738 1329; x_wconf 88' lang='lat' dir='ltr'>est</span> <span class='ocrx_word' id='word_1_209' title='bbox 757 1298 804 1329; x_wconf 86' lang='lat' dir='ltr'>ita</span> <span class='ocrx_word' id='word_1_210' title='bbox 821 1300 1009 1339; x_wconf 86' lang='lat' dir='ltr'>comparata</span> <span class='ocrx_word' id='word_1_211' title='bbox 1024 1301 1111 1339; x_wconf 83' lang='lat' dir='ltr'>sunt,</span> <span class='ocrx_word' id='word_1_212' title='bbox 1136 1301 1172 1329; x_wconf 90' lang='lat' dir='ltr'>ut</span> <span class='ocrx_word' id='word_1_213' title='bbox 1195 1298 1228 1329; x_wconf 84' lang='lat' dir='ltr'>in</span> <span class='ocrx_word' id='word_1_214' title='bbox 1253 1298 1362 1329; x_wconf 77' lang='lat' dir='ltr'>eaden]</span> <span class='ocrx_word' id='word_1_215' title='bbox 1384 1309 1447 1338; x_wconf 81' lang='lat' dir='ltr'>qua</span> 
     </span>
     <span class='ocr_line' id='line_1_23' title="bbox 172 1350 1446 1393; baseline -0.001 -11"><span class='ocrx_word' id='word_1_216' title='bbox 172 1352 226 1383; x_wconf 86' lang='lat' dir='ltr'>ille</span> <span class='ocrx_word' id='word_1_217' title='bbox 255 1351 348 1392; x_wconf 85' lang='lat' dir='ltr'>urbe,</span> <span class='ocrx_word' id='word_1_218' title='bbox 372 1351 405 1382; x_wconf 90' lang='lat' dir='ltr'>id</span> <span class='ocrx_word' id='word_1_219' title='bbox 429 1353 479 1382; x_wconf 87' lang='lat' dir='ltr'>est</span> <span class='ocrx_word' id='word_1_220' title='bbox 503 1350 640 1392; x_wconf 81' lang='lat' dir='ltr'>Romae,</span> <span class='ocrx_word' id='word_1_221' title='bbox 669 1352 900 1393; x_wconf 86' lang='lat' dir='ltr'>grammaticus</span> <span class='ocrx_word' id='word_1_222' title='bbox 925 1352 1089 1383; x_wconf 81' lang='lat' dir='ltr'>habitasse</span> <span class='ocrx_word' id='word_1_223' title='bbox 1115 1351 1269 1383; x_wconf 84' lang='lat' dir='ltr'>videatur.</span> <span class='ocrx_word' id='word_1_224' title='bbox 1311 1351 1446 1391; x_wconf 81' lang='lat' dir='ltr'>(lenique</span> 
     </span>
     <span class='ocr_line' id='line_1_24' title="bbox 171 1404 1447 1447; baseline 0 -12"><span class='ocrx_word' id='word_1_225' title='bbox 171 1406 207 1436; x_wconf 90' lang='lat' dir='ltr'>in</span> <span class='ocrx_word' id='word_1_226' title='bbox 230 1404 431 1447; x_wconf 84' lang='lat' dir='ltr'>Vergilianis</span> <span class='ocrx_word' id='word_1_227' title='bbox 456 1405 696 1436; x_wconf 86' lang='lat' dir='ltr'>commentariis</span> <span class='ocrx_word' id='word_1_228' title='bbox 725 1416 790 1436; x_wconf 90' lang='lat' dir='ltr'>non</span> <span class='ocrx_word' id='word_1_229' title='bbox 817 1406 906 1436; x_wconf 80' lang='lat' dir='ltr'>nulla</span> <span class='ocrx_word' id='word_1_230' title='bbox 934 1405 1140 1437; x_wconf 85' lang='lat' dir='ltr'>inveniuntur</span> <span class='ocrx_word' id='word_1_231' title='bbox 1169 1406 1284 1446; x_wconf 87' lang='lat' dir='ltr'>quibus</span> <span class='ocrx_word' id='word_1_232' title='bbox 1314 1405 1347 1436; x_wconf 85' lang='lat' dir='ltr'>in</span> <span class='ocrx_word' id='word_1_233' title='bbox 1376 1404 1447 1445; x_wconf 83' lang='lat' dir='ltr'>ipsa</span> 
     </span>
     <span class='ocr_line' id='line_1_25' title="bbox 172 1458 1449 1500; baseline -0.001 -11"><span class='ocrx_word' id='word_1_234' title='bbox 172 1458 251 1489; x_wconf 88' lang='lat' dir='ltr'>urbe</span> <span class='ocrx_word' id='word_1_235' title='bbox 276 1469 330 1489; x_wconf 85' lang='lat' dir='ltr'>eos</span> <span class='ocrx_word' id='word_1_236' title='bbox 355 1458 493 1499; x_wconf 84' lang='lat' dir='ltr'>scriptos</span> <span class='ocrx_word' id='word_1_237' title='bbox 519 1469 588 1490; x_wconf 88' lang='lat' dir='ltr'>esse</span> <span class='ocrx_word' id='word_1_238' title='bbox 612 1459 774 1500; x_wconf 87' lang='lat' dir='ltr'>probetur.</span> <span class='ocrx_word' id='word_1_239' title='bbox 816 1459 854 1489; x_wconf 86' lang='lat' dir='ltr'>cf.</span> <span class='ocrx_word' id='word_1_240' title='bbox 878 1458 958 1490; x_wconf 90' lang='lat' dir='ltr'>Aen.</span> <span class='ocrx_word' id='word_1_241' title='bbox 984 1458 1032 1489; x_wconf 90' lang='lat' dir='ltr'>III</span> <span class='ocrx_word' id='word_1_242' title='bbox 1056 1460 1122 1490; x_wconf 72' lang='lat'>444</span> <span class='ocrx_word' id='word_1_243' title='bbox 1151 1461 1206 1490; x_wconf 77' lang='lat' dir='ltr'>aut</span> <span class='ocrx_word' id='word_1_244' title='bbox 1228 1459 1334 1498; x_wconf 68' lang='lat' dir='ltr'>siquis,</span> <span class='ocrx_word' id='word_1_245' title='bbox 1360 1458 1449 1489; x_wconf 78' lang='lat' dir='ltr'>idest</span> 
     </span>
     <span class='ocr_line' id='line_1_26' title="bbox 172 1510 1445 1552; baseline -0.001 -10"><span class='ocrx_word' id='word_1_246' title='bbox 172 1512 354 1552; x_wconf 74' lang='lat' dir='ltr'>quibusdam</span> <span class='ocrx_word' id='word_1_247' title='bbox 377 1511 470 1551; x_wconf 81' lang='lat' dir='ltr'>uotis,</span> <span class='ocrx_word' id='word_1_248' title='bbox 494 1513 529 1542; x_wconf 73' lang='lat' dir='ltr'>ut</span> <span class='ocrx_word' id='word_1_249' title='bbox 551 1511 582 1542; x_wconf 75' lang='lat' dir='ltr'>iu</span> <span class='ocrx_word' id='word_1_250' title='bbox 608 1511 731 1542; x_wconf 77' lang='lat' dir='ltr'>obelisco</span> <span class='ocrx_word' id='word_1_251' title='bbox 755 1511 872 1542; x_wconf 81' lang='lat' dir='ltr'>Romae</span> <span class='ocrx_word' id='word_1_252' title='bbox 895 1512 1038 1542; x_wconf 70' lang='lat' dir='ltr'>videmus.</span> <span class='ocrx_word' id='word_1_253' title='bbox 1082 1512 1160 1542; x_wconf 87' lang='lat' dir='ltr'>Aen.</span> <span class='ocrx_word' id='word_1_254' title='bbox 1182 1511 1261 1542; x_wconf 86' lang='lat' dir='ltr'>VIII</span> <span class='ocrx_word' id='word_1_255' title='bbox 1286 1512 1327 1542; x_wconf 80' lang='lat'>98</span> <span class='ocrx_word' id='word_1_256' title='bbox 1353 1510 1445 1541; x_wconf 78' lang='lat' dir='ltr'><em>Pala-</em></span> 
     </span>
     <span class='ocr_line' id='line_1_27' title="bbox 173 1564 1447 1604; baseline -0.002 -8"><span class='ocrx_word' id='word_1_257' title='bbox 173 1566 272 1596; x_wconf 56' lang='lat' dir='ltr'>tinum&lt;</span> <span class='ocrx_word' id='word_1_258' title='bbox 304 1565 396 1596; x_wconf 83' lang='lat' dir='ltr'>vidit:</span> <span class='ocrx_word' id='word_1_259' title='bbox 428 1574 480 1595; x_wconf 81' lang='lat' dir='ltr'>uec</span> <span class='ocrx_word' id='word_1_260' title='bbox 506 1564 600 1595; x_wconf 82' lang='lat' dir='ltr'>situm</span> <span class='ocrx_word' id='word_1_261' title='bbox 628 1567 816 1604; x_wconf 70' lang='lat' dir='ltr'>praesentem</span> <span class='ocrx_word' id='word_1_262' title='bbox 851 1565 1042 1596; x_wconf 75' lang='lat' dir='ltr'>considerare</span> <span class='ocrx_word' id='word_1_263' title='bbox 1074 1565 1219 1596; x_wconf 79' lang='lat' dir='ltr'>debemus.</span> <span class='ocrx_word' id='word_1_264' title='bbox 1263 1567 1334 1595; x_wconf 79' lang='lat' dir='ltr'>tuuc</span> <span class='ocrx_word' id='word_1_265' title='bbox 1366 1564 1447 1595; x_wconf 78' lang='lat' dir='ltr'>euim</span> 
     </span>
     <span class='ocr_line' id='line_1_28' title="bbox 173 1618 1444 1659; baseline -0.002 -9"><span class='ocrx_word' id='word_1_266' title='bbox 173 1619 267 1650; x_wconf 80' lang='lat' dir='ltr'>nullis</span> <span class='ocrx_word' id='word_1_267' title='bbox 291 1618 478 1649; x_wconf 74' lang='lat' dir='ltr'>obstantibus</span> <span class='ocrx_word' id='word_1_268' title='bbox 501 1618 649 1657; x_wconf 77' lang='lat' dir='ltr'>aedificiis</span> <span class='ocrx_word' id='word_1_269' title='bbox 678 1620 705 1648; x_wconf 78' lang='lat' dir='ltr'>et</span> <span class='ocrx_word' id='word_1_270' title='bbox 730 1618 833 1649; x_wconf 73' lang='lat' dir='ltr'>Tiberi</span> <span class='ocrx_word' id='word_1_271' title='bbox 851 1629 909 1658; x_wconf 70' lang='lat' dir='ltr'>por</span> <span class='ocrx_word' id='word_1_272' title='bbox 933 1619 1079 1659; x_wconf 74' lang='lat' dir='ltr'>lupercal,</span> <span class='ocrx_word' id='word_1_273' title='bbox 1104 1621 1139 1649; x_wconf 83' lang='lat' dir='ltr'>ut</span> <span class='ocrx_word' id='word_1_274' title='bbox 1161 1619 1310 1655; x_wconf 70' lang='lat' dir='ltr'>diximus,</span> <span class='ocrx_word' id='word_1_275' title='bbox 1333 1618 1444 1657; x_wconf 73' lang='lat' dir='ltr'>fluente</span> 
     </span>
     <span class='ocr_line' id='line_1_29' title="bbox 170 1671 1447 1712; baseline -0.002 -9"><span class='ocrx_word' id='word_1_276' title='bbox 170 1672 262 1712; x_wconf 78' lang='lat' dir='ltr'>facile</span> <span class='ocrx_word' id='word_1_277' title='bbox 286 1681 372 1703; x_wconf 81' lang='lat' dir='ltr'>mons</span> <span class='ocrx_word' id='word_1_278' title='bbox 389 1673 512 1711; x_wconf 75' lang='lat' dir='ltr'>poterat</span> <span class='ocrx_word' id='word_1_279' title='bbox 534 1672 630 1702; x_wconf 77' lang='lat' dir='ltr'>videri</span> <span class='ocrx_word' id='word_1_280' title='bbox 653 1671 827 1702; x_wconf 72' lang='lat' dir='ltr'>Palatinus.</span> <span class='ocrx_word' id='word_1_281' title='bbox 870 1672 931 1702; x_wconf 78' lang='lat'>271</span> <span class='ocrx_word' id='word_1_282' title='bbox 965 1672 1068 1712; x_wconf 74' lang='lat' dir='ltr'>iuyeus</span> <span class='ocrx_word' id='word_1_283' title='bbox 1096 1672 1178 1703; x_wconf 75' lang='lat' dir='ltr'>euim</span> <span class='ocrx_word' id='word_1_284' title='bbox 1207 1674 1249 1703; x_wconf 81' lang='lat' dir='ltr'>est</span> <span class='ocrx_word' id='word_1_285' title='bbox 1276 1681 1335 1702; x_wconf 76' lang='lat' dir='ltr'>ara</span> <span class='ocrx_word' id='word_1_286' title='bbox 1365 1671 1447 1701; x_wconf 80' lang='lat' dir='ltr'>Her-</span> 
     </span>
     <span class='ocr_line' id='line_1_30' title="bbox 172 1724 1446 1766; baseline -0.002 -9"><span class='ocrx_word' id='word_1_287' title='bbox 172 1726 261 1766; x_wconf 78' lang='lat' dir='ltr'>culis,</span> <span class='ocrx_word' id='word_1_288' title='bbox 284 1726 363 1756; x_wconf 83' lang='lat' dir='ltr'>sieut</span> <span class='ocrx_word' id='word_1_289' title='bbox 385 1725 520 1756; x_wconf 80' lang='lat' dir='ltr'>videmus</span> <span class='ocrx_word' id='word_1_290' title='bbox 534 1725 684 1765; x_wconf 73' lang='lat' dir='ltr'>hodieque.</span> <span class='ocrx_word' id='word_1_291' title='bbox 722 1725 784 1756; x_wconf 73' lang='lat'>361</span> <span class='ocrx_word' id='word_1_292' title='bbox 802 1724 978 1756; x_wconf 74' lang='lat' dir='ltr'>Romanum</span> <span class='ocrx_word' id='word_1_293' title='bbox 1000 1725 1104 1764; x_wconf 81' lang='lat' dir='ltr'>forum</span> <span class='ocrx_word' id='word_1_294' title='bbox 1120 1728 1163 1757; x_wconf 82' lang='lat' dir='ltr'>est</span> <span class='ocrx_word' id='word_1_295' title='bbox 1185 1725 1238 1756; x_wconf 85' lang='lat' dir='ltr'>ubi</span> <span class='ocrx_word' id='word_1_296' title='bbox 1252 1735 1333 1756; x_wconf 77' lang='lat' dir='ltr'>mmo</span> <span class='ocrx_word' id='word_1_297' title='bbox 1347 1727 1446 1755; x_wconf 74' lang='lat' dir='ltr'>rostra</span> 
     </span>
     <span class='ocr_line' id='line_1_31' title="bbox 172 1776 1448 1820; baseline -0.002 -10"><span class='ocrx_word' id='word_1_298' title='bbox 172 1781 252 1811; x_wconf 84' lang='lat' dir='ltr'>sunt.</span> <span class='ocrx_word' id='word_1_299' title='bbox 290 1779 354 1809; x_wconf 83' lang='lat'>646</span> <span class='ocrx_word' id='word_1_300' title='bbox 378 1779 427 1809; x_wconf 82' lang='lat' dir='ltr'>eui</span> <span class='ocrx_word' id='word_1_301' title='bbox 451 1777 484 1820; x_wconf 87' lang='lat' dir='ltr'>(i.</span> <span class='ocrx_word' id='word_1_302' title='bbox 510 1789 535 1809; x_wconf 89' lang='lat' dir='ltr'>e.</span> <span class='ocrx_word' id='word_1_303' title='bbox 555 1776 711 1819; x_wconf 85' lang='lat' dir='ltr'>Cloeliae)</span> <span class='ocrx_word' id='word_1_304' title='bbox 732 1779 807 1809; x_wconf 79' lang='lat' dir='ltr'>(luta</span> <span class='ocrx_word' id='word_1_305' title='bbox 830 1781 872 1810; x_wconf 82' lang='lat' dir='ltr'>est</span> <span class='ocrx_word' id='word_1_306' title='bbox 894 1781 997 1809; x_wconf 79' lang='lat' dir='ltr'>statua</span> <span class='ocrx_word' id='word_1_307' title='bbox 1021 1779 1165 1818; x_wconf 80' lang='lat' dir='ltr'>equestris</span> <span class='ocrx_word' id='word_1_308' title='bbox 1184 1789 1277 1818; x_wconf 77' lang='lat' dir='ltr'>quam</span> <span class='ocrx_word' id='word_1_309' title='bbox 1303 1779 1334 1809; x_wconf 82' lang='lat' dir='ltr'>iu</span> <span class='ocrx_word' id='word_1_310' title='bbox 1358 1788 1448 1809; x_wconf 79' lang='lat' dir='ltr'>sacra</span> 
     </span>
     <span class='ocr_line' id='line_1_32' title="bbox 172 1831 1446 1873; baseline -0.001 -10"><span class='ocrx_word' id='word_1_311' title='bbox 172 1833 224 1863; x_wconf 83' lang='lat' dir='ltr'>via</span> <span class='ocrx_word' id='word_1_312' title='bbox 246 1832 390 1872; x_wconf 77' lang='lat' dir='ltr'>hodieque</span> <span class='ocrx_word' id='word_1_313' title='bbox 413 1831 654 1873; x_wconf 76' lang='lat' dir='ltr'>eonspioimus.¹)</span> <span class='ocrx_word' id='word_1_314' title='bbox 697 1841 805 1873; x_wconf 82' lang='lat' dir='ltr'>georg.</span> <span class='ocrx_word' id='word_1_315' title='bbox 830 1831 877 1862; x_wconf 90' lang='lat' dir='ltr'>III</span> <span class='ocrx_word' id='word_1_316' title='bbox 902 1832 943 1863; x_wconf 77' lang='lat'>29</span> <span class='ocrx_word' id='word_1_317' title='bbox 968 1832 1129 1872; x_wconf 70' lang='lat' dir='ltr'>Auyustus</span> <span class='ocrx_word' id='word_1_318' title='bbox 1156 1832 1250 1863; x_wconf 74' lang='lat' dir='ltr'>victor</span> <span class='ocrx_word' id='word_1_319' title='bbox 1274 1832 1365 1863; x_wconf 75' lang='lat' dir='ltr'>totius</span> <span class='ocrx_word' id='word_1_320' title='bbox 1389 1831 1446 1862; x_wconf 79' lang='lat' dir='ltr'>Ae-</span> 
     </span>
     <span class='ocr_line' id='line_1_33' title="bbox 171 1885 1448 1926; baseline -0.001 -10"><span class='ocrx_word' id='word_1_321' title='bbox 171 1885 257 1925; x_wconf 76' lang='lat' dir='ltr'>yypti</span> <span class='ocrx_word' id='word_1_322' title='bbox 281 1911 287 1916; x_wconf 93' lang='lat'>.</span> <span class='ocrx_word' id='word_1_323' title='bbox 308 1910 314 1916; x_wconf 87' lang='lat'>.</span> <span class='ocrx_word' id='word_1_324' title='bbox 335 1909 341 1916; x_wconf 88' lang='lat'>.</span> <span class='ocrx_word' id='word_1_325' title='bbox 365 1885 463 1916; x_wconf 77' lang='lat' dir='ltr'>multa</span> <span class='ocrx_word' id='word_1_326' title='bbox 490 1885 526 1916; x_wconf 78' lang='lat' dir='ltr'>de</span> <span class='ocrx_word' id='word_1_327' title='bbox 547 1886 661 1916; x_wconf 69' lang='lat' dir='ltr'>&#39;navali</span> <span class='ocrx_word' id='word_1_328' title='bbox 689 1886 852 1916; x_wconf 73' lang='lat' dir='ltr'>certamine</span> <span class='ocrx_word' id='word_1_329' title='bbox 879 1886 1003 1916; x_wconf 79' lang='lat' dir='ltr'>sustulit</span> <span class='ocrx_word' id='word_1_330' title='bbox 1030 1888 1144 1926; x_wconf 73' lang='lat' dir='ltr'>rostra,</span> <span class='ocrx_word' id='word_1_331' title='bbox 1171 1885 1281 1925; x_wconf 75' lang='lat' dir='ltr'>quibus</span> <span class='ocrx_word' id='word_1_332' title='bbox 1308 1885 1448 1924; x_wconf 74' lang='lat' dir='ltr'>conflatis</span> 
     </span>
     <span class='ocr_line' id='line_1_34' title="bbox 174 1937 1448 1978; baseline 0 -10"><span class='ocrx_word' id='word_1_333' title='bbox 174 1940 317 1978; x_wconf 65' lang='lat' dir='ltr'>quattuor</span> <span class='ocrx_word' id='word_1_334' title='bbox 341 1937 438 1976; x_wconf 69' lang='lat' dir='ltr'>effecit</span> <span class='ocrx_word' id='word_1_335' title='bbox 464 1938 633 1976; x_wconf 59' lang='lat' dir='ltr'>columnus.</span> <span class='ocrx_word' id='word_1_336' title='bbox 663 1949 740 1978; x_wconf 78' lang='lat' dir='ltr'>quae</span> <span class='ocrx_word' id='word_1_337' title='bbox 756 1941 863 1978; x_wconf 73' lang='lat' dir='ltr'>postea</span> <span class='ocrx_word' id='word_1_338' title='bbox 892 1948 912 1969; x_wconf 79' lang='lat' dir='ltr'><strong><em>a</em></strong></span> <span class='ocrx_word' id='word_1_339' title='bbox 935 1938 1116 1969; x_wconf 77' lang='lat' dir='ltr'>Domitiano</span> <span class='ocrx_word' id='word_1_340' title='bbox 1145 1939 1179 1969; x_wconf 78' lang='lat' dir='ltr'>iu</span> <span class='ocrx_word' id='word_1_341' title='bbox 1204 1938 1353 1978; x_wconf 74' lang='lat' dir='ltr'>Capitolio</span> <span class='ocrx_word' id='word_1_342' title='bbox 1377 1941 1448 1969; x_wconf 62' lang='lat' dir='ltr'>suizt</span> 
     </span>
     <span class='ocr_line' id='line_1_35' title="bbox 176 1990 1448 2031; baseline -0.001 -9"><span class='ocrx_word' id='word_1_343' title='bbox 176 1991 302 2031; x_wconf 78' lang='lat' dir='ltr'>locatae,</span> <span class='ocrx_word' id='word_1_344' title='bbox 330 2000 407 2030; x_wconf 79' lang='lat' dir='ltr'>quas</span> <span class='ocrx_word' id='word_1_345' title='bbox 435 1990 578 2030; x_wconf 76' lang='lat' dir='ltr'>hodieque</span> <span class='ocrx_word' id='word_1_346' title='bbox 606 1991 808 2031; x_wconf 67' lang='lat' dir='ltr'>conspicimus</span> <span class='ocrx_word' id='word_1_347' title='bbox 908 2002 981 2022; x_wconf 80' lang='lat' dir='ltr'>uam</span> <span class='ocrx_word' id='word_1_348' title='bbox 1008 1994 1158 2023; x_wconf 76' lang='lat' dir='ltr'>rostratas</span> <span class='ocrx_word' id='word_1_349' title='bbox 1187 1991 1217 2023; x_wconf 83' lang='lat' dir='ltr'>C.</span> <span class='ocrx_word' id='word_1_350' title='bbox 1242 1991 1372 2022; x_wconf 76' lang='lat' dir='ltr'>Duilius</span> <span class='ocrx_word' id='word_1_351' title='bbox 1394 2003 1448 2031; x_wconf 69' lang='lat' dir='ltr'>po-</span> 
     </span>
     <span class='ocr_line' id='line_1_36' title="bbox 173 2043 1447 2086; baseline 0 -11"><span class='ocrx_word' id='word_1_352' title='bbox 173 2044 236 2076; x_wconf 76' lang='lat' dir='ltr'>suit</span> <span class='ocrx_word' id='word_1_353' title='bbox 258 2045 345 2076; x_wconf 80' lang='lat' dir='ltr'>vietis</span> <span class='ocrx_word' id='word_1_354' title='bbox 368 2043 480 2075; x_wconf 78' lang='lat' dir='ltr'>Poenis</span> <span class='ocrx_word' id='word_1_355' title='bbox 502 2044 609 2076; x_wconf 77' lang='lat' dir='ltr'>navali</span> <span class='ocrx_word' id='word_1_356' title='bbox 631 2046 806 2085; x_wconf 71' lang='lat' dir='ltr'>certamine,</span> <span class='ocrx_word' id='word_1_357' title='bbox 830 2056 845 2076; x_wconf 87' lang='lat' dir='ltr'>e</span> <span class='ocrx_word' id='word_1_358' title='bbox 868 2045 976 2085; x_wconf 74' lang='lat' dir='ltr'>quibus</span> <span class='ocrx_word' id='word_1_359' title='bbox 999 2055 1095 2076; x_wconf 78' lang='lat' dir='ltr'>unum</span> <span class='ocrx_word' id='word_1_360' title='bbox 1118 2045 1153 2076; x_wconf 76' lang='lat' dir='ltr'>in</span> <span class='ocrx_word' id='word_1_361' title='bbox 1176 2046 1295 2086; x_wconf 77' lang='lat' dir='ltr'>rostris,</span> <span class='ocrx_word' id='word_1_362' title='bbox 1319 2045 1447 2076; x_wconf 77' lang='lat' dir='ltr'>alterum</span> 
     </span>
     <span class='ocr_line' id='line_1_37' title="bbox 174 2098 892 2138; baseline 0 -9"><span class='ocrx_word' id='word_1_363' title='bbox 174 2100 245 2129; x_wconf 80' lang='lat' dir='ltr'>aute</span> <span class='ocrx_word' id='word_1_364' title='bbox 267 2098 381 2129; x_wconf 78' lang='lat' dir='ltr'>circum</span> <span class='ocrx_word' id='word_1_365' title='bbox 404 2098 539 2129; x_wconf 81' lang='lat' dir='ltr'>videmus</span> <span class='ocrx_word' id='word_1_366' title='bbox 562 2108 582 2128; x_wconf 89' lang='lat' dir='ltr'><strong><em>a</em></strong></span> <span class='ocrx_word' id='word_1_367' title='bbox 601 2100 691 2138; x_wconf 77' lang='lat' dir='ltr'>parte</span> <span class='ocrx_word' id='word_1_368' title='bbox 713 2099 892 2130; x_wconf 61' lang='lat' dir='ltr'>ianuarium.</span> 
     </span>
    </p>

    <p class='ocr_par' dir='ltr' id='par_1_4' title="bbox 264 2150 1447 2193">
     <span class='ocr_line' id='line_1_38' title="bbox 264 2150 1447 2193; baseline 0 -11"><span class='ocrx_word' id='word_1_369' title='bbox 264 2150 313 2182; x_wconf 91' lang='lat' dir='ltr'>De</span> <span class='ocrx_word' id='word_1_370' title='bbox 342 2151 564 2192; x_wconf 86' lang='lat' dir='ltr'>grammaticis</span> <span class='ocrx_word' id='word_1_371' title='bbox 595 2150 699 2182; x_wconf 86' lang='lat' dir='ltr'>Servii</span> <span class='ocrx_word' id='word_1_372' title='bbox 727 2151 835 2192; x_wconf 90' lang='lat' dir='ltr'>libris,</span> <span class='ocrx_word' id='word_1_373' title='bbox 864 2152 902 2182; x_wconf 88' lang='lat' dir='ltr'>de</span> <span class='ocrx_word' id='word_1_374' title='bbox 931 2152 1046 2193; x_wconf 87' lang='lat' dir='ltr'>quibus</span> <span class='ocrx_word' id='word_1_375' title='bbox 1074 2151 1233 2184; x_wconf 90' lang='lat' dir='ltr'>Henricus</span> <span class='ocrx_word' id='word_1_376' title='bbox 1262 2151 1386 2183; x_wconf 83' lang='lat' dir='ltr'>Keilius</span> <span class='ocrx_word' id='word_1_377' title='bbox 1414 2151 1447 2182; x_wconf 91' lang='lat' dir='ltr'>in</span> 
     </span>
    </p>
   </div>
   <div class='ocr_carea' id='block_1_3' title="bbox 177 2286 1448 2401">
    <p class='ocr_par' dir='ltr' id='par_1_5' title="bbox 177 2286 1448 2401">
     <span class='ocr_line' id='line_1_39' title="bbox 267 2286 1448 2321; baseline 0 -8"><span class='ocrx_word' id='word_1_378' title='bbox 267 2289 292 2321; x_wconf 92' lang='lat'>1)</span> <span class='ocrx_word' id='word_1_379' title='bbox 311 2287 438 2321; x_wconf 80' lang='lat' dir='ltr'>Dionysii</span> <span class='ocrx_word' id='word_1_380' title='bbox 465 2287 668 2314; x_wconf 84' lang='lat' dir='ltr'>Halicarnassei</span> <span class='ocrx_word' id='word_1_381' title='bbox 693 2286 898 2321; x_wconf 80' lang='lat' dir='ltr'>testimonium,</span> <span class='ocrx_word' id='word_1_382' title='bbox 920 2287 967 2321; x_wconf 88' lang='lat' dir='ltr'>qui</span> <span class='ocrx_word' id='word_1_383' title='bbox 994 2287 1100 2321; x_wconf 86' lang='lat' dir='ltr'>antiqu.</span> <span class='ocrx_word' id='word_1_384' title='bbox 1123 2288 1202 2315; x_wconf 86' lang='lat' dir='ltr'>Rom.</span> <span class='ocrx_word' id='word_1_385' title='bbox 1227 2288 1251 2313; x_wconf 94' lang='lat' dir='ltr'>V</span> <span class='ocrx_word' id='word_1_386' title='bbox 1272 2291 1305 2313; x_wconf 72' lang='lat'>34</span> <span class='ocrx_word' id='word_1_387' title='bbox 1325 2286 1448 2313; x_wconf 86' lang='lat' dir='ltr'>Cloeliae</span> 
     </span>
     <span class='ocr_line' id='line_1_40' title="bbox 177 2327 1448 2361; baseline -0.001 -8"><span class='ocrx_word' id='word_1_388' title='bbox 177 2328 300 2353; x_wconf 79' lang='lat' dir='ltr'>statuam</span> <span class='ocrx_word' id='word_1_389' title='bbox 320 2336 370 2354; x_wconf 86' lang='lat' dir='ltr'>sua</span> <span class='ocrx_word' id='word_1_390' title='bbox 388 2329 481 2354; x_wconf 82' lang='lat' dir='ltr'>aetate</span> <span class='ocrx_word' id='word_1_391' title='bbox 502 2335 557 2353; x_wconf 89' lang='lat' dir='ltr'>non</span> <span class='ocrx_word' id='word_1_392' title='bbox 576 2327 632 2352; x_wconf 82' lang='lat' dir='ltr'>iam</span> <span class='ocrx_word' id='word_1_393' title='bbox 652 2327 846 2361; x_wconf 77' lang='lat' dir='ltr'>extare-dicit,</span> <span class='ocrx_word' id='word_1_394' title='bbox 868 2327 951 2354; x_wconf 79' lang='lat' dir='ltr'>Plinii</span> <span class='ocrx_word' id='word_1_395' title='bbox 971 2328 1047 2361; x_wconf 85' lang='lat' dir='ltr'>(hist.</span> <span class='ocrx_word' id='word_1_396' title='bbox 1067 2330 1123 2354; x_wconf 84' lang='lat' dir='ltr'>nat.</span> <span class='ocrx_word' id='word_1_397' title='bbox 1140 2327 1256 2354; x_wconf 83' lang='lat' dir='ltr'>XXXIV</span> <span class='ocrx_word' id='word_1_398' title='bbox 1274 2331 1303 2354; x_wconf 87' lang='grc'>13</span> <span class='ocrx_word' id='word_1_399' title='bbox 1325 2330 1338 2357; x_wconf 66' lang='grc' dir='ltr'>ξ</span> <span class='ocrx_word' id='word_1_400' title='bbox 1354 2330 1386 2352; x_wconf 79' lang='lat'>28</span> <span class='ocrx_word' id='word_1_401' title='bbox 1399 2328 1448 2359; x_wconf 69' lang='lat' dir='ltr'>sq.)</span> 
     </span>
     <span class='ocr_line' id='line_1_41' title="bbox 179 2367 1176 2401; baseline 0.001 -8"><span class='ocrx_word' id='word_1_402' title='bbox 179 2368 207 2393; x_wconf 82' lang='lat' dir='ltr'>et</span> <span class='ocrx_word' id='word_1_403' title='bbox 221 2367 342 2395; x_wconf 86' lang='lat' dir='ltr'>Senecae</span> <span class='ocrx_word' id='word_1_404' title='bbox 362 2368 409 2401; x_wconf 86' lang='lat' dir='ltr'>(ad</span> <span class='ocrx_word' id='word_1_405' title='bbox 428 2368 511 2394; x_wconf 87' lang='lat' dir='ltr'>Marc.</span> <span class='ocrx_word' id='word_1_406' title='bbox 532 2368 565 2395; x_wconf 89' lang='lat' dir='ltr'>de</span> <span class='ocrx_word' id='word_1_407' title='bbox 585 2368 688 2394; x_wconf 83' lang='lat' dir='ltr'>consol.</span> <span class='ocrx_word' id='word_1_408' title='bbox 709 2367 780 2400; x_wconf 77' lang='lat' dir='ltr'>XVI,</span> <span class='ocrx_word' id='word_1_409' title='bbox 801 2370 827 2401; x_wconf 83' lang='lat'>2)</span> <span class='ocrx_word' id='word_1_410' title='bbox 846 2367 1013 2394; x_wconf 81' lang='lat' dir='ltr'>auctoritate</span> <span class='ocrx_word' id='word_1_411' title='bbox 1033 2368 1176 2394; x_wconf 66' lang='lat' dir='ltr'>refutatur.</span> 
     </span>
    </p>
   </div>
  </div>
 </body>
</html>
